3056 4758
132 267 206 338 8⁰6

640 258 883 316 carissimos

219 445 433 512 Descendens
458 450 638 532 perinane
663 445 858 514 micantibus
883 465 985 513 eures
1007 445 1147 512 flammis

217 544 290 612 Lux
316 547 427 610 subito
449 565 492 610 ¹sc
516 545 654 612 diffudit.
704 544 840 612 Tectum
867 563 961 608 omne
987 551 1136 612 coruscis

218 641 377 728 Splendet
401 641 613 708 inardescens
638 642 740 708 radiis
767 642 936 726 solemque
961 662 1115 707 screnum

216 739 394 804 Auricomo
421 739 551 826 fulgore
579 746 705 824 premit.
757 739 825 804 Sub
851 743 991 826 imagine
1017 739 1154 828 linguae

216 836 401 902 Multifidae
428 837 741 922 superimpendens
768 841 874 920 capita
901 841 1008 900 omnia
1034 859 1173 903 amoeno
1210 879 1213 886 ,

215 932 333 998 Sidere
359 933 479 998 lustrat
500 953 582 1017 apex
610 939 780 1018 crinesque
807 942 839 998 et
863 943 1012 1017 tempora
1037 940 1157 1001 circum
1220 935 1221 940 ’

216 1031 384 1097 Scintillai
410 1023 630 1115 liquidumque
652 1030 761 1094 vibrat
786 1021 1026 1115 pulcherrimus
1052 1035 1171 1122 ignem.

215 1128 360 1214 Spiritus
387 1132 609 1211 omnipotens,
635 1128 725 1192 Patri
753 1127 909 1213 Nataque
935 1137 1070 1212 perenni

212 1226 390 1309 Majestate
418 1244 560 1308 aequus,
586 1226 665 1289 Nati
692 1227 869 1309 Patrisque
896 1231 1049 1312 perennis

213 1324 304 1411 lgnis
329 1320 446 1402 Amor,
472 1321 600 1388 Donum
627 1330 662 1388 et
686 1322 760 1388 doni
785 1322 1010 1408 septemplicis
1036 1323 1171 1402 author,

212 1418 392 1502 Discipulis
418 1439 496 1483 sese
522 1425 681 1500 insinuat,
706 1428 900 1505 mentesque
929 1427 1054 1502 potenti

211 1516 348 1581 Lumine
374 1515 592 1600 perfundens,
618 1515 724 1582 divino
751 1523 896 1581 animata
921 1516 1032 1581 calore

212 1613 319 1679 Corda
344 1621 460 1694 novat,
486 1615 689 1700 flammisque
714 1620 785 1678 suis
812 1636 896 1679 nova
921 1623 1055 1698 pectora
1080 1615 1232 1701 lingens,

210 1711 365 1800 Ingentes
391 1716 518 1776 animos
544 1723 580 1776 et
606 1712 852 1798 inexuperabile
877 1711 978 1775 robur

212 1808 344 1874 Sufficit
368 1817 402 1873 et
429 1816 568 1876 mentem
594 1814 773 1875 innumeris
797 1809 853 1873 dat
876 1808 1022 1896 pandere
1044 1809 1179 1896 linguis.

309 2003 352 2068 Ut
378 2011 514 2089 primum
541 2002 652 2088 illapsi
676 2009 726 2068 vis
753 2003 905 2070 Numinis
931 2010 1045 2069 intima
1070 2003 1212 2068 dammis

210 2101 351 2167 Pectora
376 2106 552 2186 corripuit,
583 2101 702 2166 donum
730 2100 922 2168 admirabile
949 2109 983 2167 et
1005 2108 1112 2188 ipsum

209 2199 360 2264 Muneris
385 2209 552 2264 auctorem
578 2205 756 2285 peregrino
783 2199 938 2265 idiomate
963 2205 1103 2286 quisque

209 2296 438 2362 Correelcbrat.
491 2297 681 2380 Plausuque
707 2303 810 2361 virum
837 2297 1035 2382 fremituque
1061 2304 1202 2360 sonante

212 2391 352 2458 Advolat
376 2400 514 2458 excitum
541 2394 662 2480 vulgus
688 2401 853 2478 totamque
879 2415 938 2478 per
964 2394 1078 2459 urbem

208 2491 309 2555 Panna
334 2489 447 2556 volans
475 2496 559 2554 omni
587 2495 745 2554 attonitos
771 2499 931 2574 exparte
960 2495 1074 2578 corigit

208 2587 373 2672 lsacidas3
401 2585 622 2674 alienigenas,
650 2607 733 2670 quos
760 2587 890 2652 cardine
915 2587 1006 2671 Edu,

209 2683 347 2748 Cardine
374 2685 415 2747 ab
442 2684 603 2768 Hesperio
631 2683 839 2770 Solymarum
866 2691 966 2749 traxit
990 2691 1021 2748 in
1053 2684 1165 2748 urbem

208 2779 382 2846 Sacrorum
408 2782 550 2848 studium
577 2788 611 2845 et
637 2783 744 2847 festae
770 2788 955 2847 reverentia
980 2783 1078 2848 lucis.

207 2878 369 2943 Mirantur
394 2878 596 2966 plaususque
622 2885 725 2944 virum
753 2900 919 2964 vocesque
945 2881 1142 2946 frementum

206 2975 412 3060 Innumeras,
439 2987 474 3041 et
493 2983 641 3062 ‘quisque
666 2997 749 3041 suae
774 2979 957 3042 discrimina
984 2976 1117 3064 linguae

205 3071 375 3160 Agnoscit.
428 3073 495 3140 Sed
521 3094 621 3138 causa
645 3073 735 3138 latet.
787 3075 870 3140 Pars
896 3081 1198 3154 maxima‘censet‚

206 3170 352 3236 lnsauire
380 3177 454 3236 novi
482 3171 628 3236 madidos
653 3170 824 3238 dulcedine
850 3173 964 3238 Brachi.

303 3364 348 3429 At
371 3366 489 3431 Petrus
514 3371 602 3430 sacri
628 3375 737 3430 rector
763 3371 980 3452 princepsque
1005 3375 1162 3444 senatus,

203 3461 278 3526 dam
306 3483 365 3524 nec
391 3463 571 3528 foemineae
598 3462 761 3529 mordacia
786 3464 854 3528 tela
882 3465 1061 3550 pharetrae

205 3558 279 3623 Nec
304 3558 448 3643 Caiphae
474 3561 577 3625 furias
607 3583 668 3625 ncc
694 3567 802 3626 tristia
828 3560 956 3644 spicula
982 3581 1104 3626 saevae

204 3655 272 3722 Aut
297 3655 411 3744 Stygis
438 3666 494 3723 aut
519 3665 632 3723 mortis
658 3668 827 3742 metuens,
854 3659 893 3723 ad
919 3659 1033 3724 limina
1057 3659 1165 3726 fertur

204 3755 312 3841 Atque
338 3757 389 3819 his
416 3761 572 3820 attonitos
599 3756 773 3840 compellat
803 3757 939 3821 rombus
967 3755 1073 3820 ultro:

301 3949 451 4014 lsacidae
474 3949 612 4030 fratres,
639 3956 745 4038 magni
771 3955 875 4035 stirps
901 3947 1022 4032 inclyta
1047 3948 1200 4031 Abrami,

203 4048 337 4132 Vosque
364 4053 478 4129 etiam,
504 4067 697 4133 quacunque
723 4045 837 4125 domo,
863 4067 1060 4132 quocunque
1088 4053 1190 4112 creati
1218 4083 1221 4088 Δ

203 4142 388 4233 Sanguine,
414 4145 569 4212 dilectam
593 4149 725 4230 superis
752 4149 893 4210 venistis
918 4149 951 4210 in
978 4145 1113 4227 urbem,
