3076 4744
139 243 273 296 Η
689 234 798 290 umuli
822 236 843 289 l.

225 420 381 489 Lucifero
406 428 517 490 terrae
542 419 679 488 soboles
702 421 842 489 allectat
865 423 1019 490 bonores.

225 520 301 588 Nou
324 519 406 584 adeo
432 525 563 584 attritae
589 523 695 604 vires5
723 519 929 606 infractaque
952 525 1068 586 virtus.

226 617 303 684 Stat
327 616 448 683 bellum
473 635 649 701 renovare3
681 618 847 682 hominum
881 637 989 704 genus
1016 633 1111 682 omne
1143 626 1279 701 pereuni

225 715 389 780 Infestare
415 714 506 796 odio,
534 714 734 800 paribusque
756 713 928 778 involvere
953 714 1043 781 latis.
1300 723 1303 728 '

226 812 327 877 Estoz
355 813 431 876 mihi
458 812 577 878 unllam
603 811 712 876 facilis
739 817 876 878 victoria
900 810 1030 876 landem

226 909 361 975 Afferat.
413 910 580 998 Egregiae
603 917 710 976 tamen
735 908 921 978 insultantis
948 908 1079 994 Olympi

225 1007 372 1072 Delicias
400 1028 490 1072 amor
515 1014 569 1072 est
594 1007 686 1097 caelo
715 1007 908 1072 exturbare:
931 1026 1092 1094 meosque

225 1104 361 1171 Rivales
386 1104 514 1193 Stygiis
540 1123 666 1170 mecum
691 1103 884 1190 demergere·
906 1109 1047 1192 stagnis,

325 1297 417 1364 llaec
442 1319 554 1366 secum
579 1299 732 1382 volvens,
758 1299 990 1366 circumfusum
1018 1301 1097 1364 aera
1122 1310 1206 1366 nutu
1297 1350 1303 1361 .

226 1396 352 1462 Densat
376 1417 502 1484 agens3
531 1403 763 1483 ementitisquc
782 1397 956 1464 coloribus
983 1405 1092 1479 aptam

224 1493 370 1582 Virginis
395 1500 428 1558 in
455 1499 616 1578 speciem,
647 1514 731 1583 quae
756 1495 1014 1576 formosissima,
1041 1493 1148 1580 lingit.
1195 1515 1199 1524 ·

224 1589 357 1656 Aureus
383 1593 549 1660 ambrosio
574 1593 737 1680 surgebat
762 1597 850 1661 crine
876 1590 1041 1678 Superbae
1072 1621 1076 1630 ,

223 1687 355 1754 Frontis
381 1689 503 1770 honos,
529 1696 635 1755 ventis
661 1709 757 1774 quem
781 1689 1037 1754 diffundentibus
1067 1686 1153 1752 ultro

222 1785 294 1868 Ire,
321 1787 429 1854 redire
454 1792 553 1870 sinit,
581 1787 737 1875 neglecta
761 1787 929 1872 pulchrior
954 1794 1036 1854 arte.
1167 1819 1180 1848 ς·

222 1883 350 1949 Blanda
373 1886 479 1952 oculis
504 1883 579 1966 lux,
605 1893 639 1950 ct
663 1885 775 1952 stellis
797 1885 974 1952 formosior
1000 1887 1069 1950 cris
1122 1949 1124 1954 .

222 1979 374 2065 Purpura
398 1980 534 2062 lascivi,
559 1981 658 2047 Pario
685 1981 826 2046 candore
853 1981 994 2046 natabat.

227 2075 354 2138 Lactea
376 2076 499 2140 furtive
524 2081 635 2138 cervix
660 2079 816 2158 serpebat
840 2079 880 2142 ab
907 2077 985 2141 aliis

228 2167 429 2252 ludeprensa
450 2169 615 2250 humeris,
642 2177 883 2256 castigatisque
912 2171 1067 2236 decorum

227 2265 394 2332 Uberibus
420 2273 537 2350 pe'ctus
564 2270 641 2343 (ceu
668 2271 778 2332 vernis
805 2265 935 2332 solibus
961 2265 1060 2332 arbor
1164 2297 1167 2309 ·

226 2361 435 2428 Foecunrlata
463 2382 548 2428 novo
574 2367 741 2448 turgescit
765 2363 865 2441 flore)
891 2363 1046 2428 tumebat.
1119 2397 1122 2404 .

226 2460 273 2526 At
297 2481 376 2525 vero
403 2465 568 2545 proprium
594 2458 732 2544 reliquis
760 2459 860 2524 decus
886 2458 1008 2526 addere
1032 2461 1188 2526 membris

225 2559 312 2624 Dum
337 2565 446 2642 parat,
472 2558 632 2624 aetherea
654 2557 735 2624 caeli
761 2555 919 2644 regn'ator
944 2559 1089 2625 abarce

224 2654 360 2720 lnsidiis
384 2661 490 2720 metas
514 2661 643 2739 posuit3
669 2661 880 2740 monstroque
906 2655 1057 2722 frementi

223 2751 261 2816 ln
286 2752 512 2840 ferrugineum
535 2771 613 2836 pars
639 2760 770 2816 caetera
794 2751 938 2818 volvitur
963 2773 1115 2840 anguem.

225 2848 287 2914 llle
311 2855 419 2914 autem
444 2845 604 2931 abruptae
630 2849 821 2935 indignatus
848 2849 983 2914 vulnera
1004 2850 1149 2929 formae,

226 2945 303 3012 ilua
324 2945 434 3028 licuit,
461 2951 586 3010 vetitae
611 2964 797 3030 squammas
824 2943 885 3008 sub
910 2943 1081 3010 frondibus
1109 2945 1244 3012 umbrae

227 3041 422 3124 Occultum,
449 3046 558 3127 spiras
583 3047 684 3129 tegit,
712 3047 922 3126 ostentatque
946 3039 1106 3108 decorem.
1139 3093 1142 3100 .

323 3236 466 3322 Jamque
493 3237 732 3322 propinquabat
757 3235 914 3302 fatalibus
942 3235 1013 3302 Eva
1039 3241 1169 3317 viretis,

225 3334 335 3421 Atque
360 3332 466 3399 avidis
491 3333 621 3400 inhians
647 3333 823 3420 pendentia
845 3340 875 3400 in
902 3333 1021 3400 arbore
1046 3333 1118 3400 dire

226 3433 330 3496 Poma
355 3430 479 3515 oculis,
508 3435 617 3498 varias
638 3437 791 3499 numerat
815 3430 1000 3499 laetissima
1025 3430 1138 3496 dotes:

227 3528 367 3616 Singula
392 3550 477 3594 nnnc
501 3529 650 3614 lustrat3¹
666 3551 757 3596 nuuc.
776 3533 901 3596 omnia:
926 3528 1060 3616 singula
1085 3527 1213 3613 laudat3

227 3624 344 3690 Omnia
367 3631 518 3691 miratur:
548 3647 634 3692 nuno
657 3627 899 3695 formosissima
924 3625 1040 3708 librat,

227 3720 336 3808 Atque
362 3729 462 3788 animi
489 3721 626 3809 pendet,
653 3723 835 3806 palmnmne
863 3723 915 3788 bis
938 3723 1045 3804 addat,
1070 3735 1110 3792 aa
1137 3723 1218 3792 illia.

225 3819 287 3885 llis
312 3840 414 3906 sapor
440 3820 480 3886 ad
504 3819 633 3888 laudem
660 3829 728 3903 est,
756 3819 848 3890 color
871 3821 924 3886 his
949 3826 1137 3904 victoriam,
1165 3821 1309 3907 odorque

227 3917 402 3983 Conciliat:
432 3922 558 3984 cunctis
585 3925 711 4003 tannen,
738 3918 821 3984 beu!
842 3914 1030 4001 jucundior·
1044 3919 1142 3984 arbor

227 4014 378 4099 Explicat
402 4015 462 4082 illa
483 4035 584 4099 suos,
613 4035 697 4102 quae
716 4014 796 4088 ,sola
822 4025 981 4104 negatur,
1002 4015 1164 4084 domnos.

227 4109 301 4178 Nec
327 4117 409 4182 satis
435 4122 489 4182 est
512 4131 679 4202 peccasse.
697 4113 832 4195 oculos,
853 4113 950 4197 jurat
975 4120 1039 4192 ire,
1063 4110 1195 4194 levique
