3082 4748
135 205 267 258 raa-rm
669 200 779 256 emsa
803 201 869 288 ll!
917 170 919 176 ’

219 385 448 472 Sclennesque
474 405 568 471 aras,
594 403 705 452 mores
729 391 881 472 ritusque
901 401 1072 456 sacrorum

220 483 380 550 Gentibus
406 483 570 552 indomitis
596 488 714 554 sanxit.
765 486 884 552 Comes
910 483 1038 554 additur
1062 485 1110 552 illi

218 582 333 667 Elias,
361 604 477 671 regum
502 591 627 667 terror,
657 586 790 667 pietatis
816 588 924 648 avitae

221 679 399 764 Aasertor,
425 680 525 768 longo
550 689 627 766 post
651 688 798 766 tempore
824 688 940 766 raptus
966 684 997 744 iu
1024 699 1133 749 curas.

221 776 311 864 Ergo
339 778 393 842 ubi
418 779 629 866 praepetibus
656 777 738 842 caeli
765 799 823 863 per
844 783 953 844 inania
978 782 1106 864 peonis,

220 874 377 941 Fulminis
404 877 477 942 elisi
502 877 657 958 flammis,
685 876 875 963 Phoebique
900 875 1073 964 quadrigis

220 971 346 1059 ocyor,
372 972 489 1040 Elisiis
515 973 596 1039 Ales
622 995 721 1060 super
746 981 851 1040 astitit
876 974 1018 1040 umbris:

218 1071 375 1136 Protinus
402 1078 590 1161 ignivomos
617 1093 714 1137 curru
741 1072 902 1161 flagrante
921 1071 1058 1160 jugales

217 1169 397 1235 Thesbites
422 1175 530 1256 aptat,
558 1190 653 1255 quern
680 1169 842 1256 quondam
867 1170 1046 1236 ascendere
1063 1167 1182 1253 jussus
1289 1233 1293 1244 ,

216 1267 374 1332 Deseruit
399 1275 524 1353 terras,
552 1267 711 1356 caeloque
738 1274 888 1334 invectus
912 1274 1025 1352 aperto
1051 1273 1112 1332 est.

216 1362 359 1449 Adjuvat
383 1370 457 1452 ipse
479 1370 602 1449 virum,
629 1389 729 1433 canos
756 1376 933 1432 veneratus
958 1371 992 1430 et
1017 1364 1075 1431 alti

217 1461 369 1529 Pectoris
396 1469 536 1530 eximios
561 1463 642 1529 Ales
668 1465 909 1553 pulcherrimus
934 1469 1052 1550 ignea,

215 1559 258 1624 Et
282 1561 371 1627 levat
396 1566 429 1626 ln
456 1583 584 1628 currum
610 1570 645 1628 et
669 1562 791 1650 rapidis
817 1560 966 1626 succedit
991 1559 1141 1626 habenis.

313 1753 453 1844 Jamque
479 1777 538 1840 per
563 1758 713 1824 aetherei
738 1756 880 1823 volitans
904 1759 1013 1842 spatia
1038 1759 1126 1820 invia
1149 1753 1258 1820 mundi

215 1853 440 1940 Thyraigeros
467 1854 583 1937 Indos,
610 1854 838 1940 foecundaque
865 1853 1024 1920 Persitlos
1048 1873 1127 1917 arva

217 1951 384 2031 Despicit,
408 1959 443 2014 et
471 1952 573 2016 celeri
603 1974 701 2018 cursu
717 1951 938 2034 'rapidumque
965 1950 1151 2036 Niphaten,

217 2045 260 2108 Et
287 2044 444 2126 quondam
472 2044 638 2112 Antiocho
664 2055 820 2132 regnatas
845 2052 1005 2131 praeterit
1029 2046 1139 2109 urbes.

218 2139 361 2205 Miratur
385 2138 525 2204 similem
552 2161 613 2226 per
639 2140 769 2226 Olympi
796 2139 930 2204 caerula
958 2161 1106 2223 currum,

216 2236 368 2320 Alipides
392 2241 526 2302 miratur
551 2257 675 2324 equos,
699 2236 872 2323 lucemque
899 2255 1069 2301 coruscam

216 2333 386 2400 Attonitus
411 2335 528 2422 Titau3
553 2335 729 2421 laetusque
755 2339 902 2422 assurgit
929 2334 1045 2400 honori

215 2431 346 2497 Nobilis
372 2436 508 2520 aurigae
534 2442 567 2500 et
593 2433 694 2520 longo
719 2441 795 2518 post
821 2441 968 2518 tempore
995 2435 1099 2496 visum

216 2530 394 2617 Agnoscit,
421 2551 590 2618 pronoque
617 2530 740 2596 salutat
766 2536 890 2596 vertice
916 2538 1034 2596 vatem.

315 2721 359 2787 Ut
382 2727 519 2807 primum
545 2729 648 2810 optati
672 2730 787 2812 tetigit
810 2726 947 2811 fastigia
972 2728 1106 2804 montis,

217 2819 337 2886 Desilit
362 2842 382 2885 e
409 2839 507 2884 curru
533 2828 568 2883 et
593 2823 703 2886 divum
728 2828 921 2886 occurrente
946 2842 1070 2888 corona

216 2919 398 3004 Exceptus,
424 2917 510 2980 flexo
536 2915 731 3006 longaevum
757 2917 881 3003 poplite
908 2937 1028 3000 corpus

216 3017 341 3082 Sternit
365 3016 471 3096 humi,
495 3013 723 3101 dominumque
747 3014 864 3100 procul
888 3011 1076 3080 submissus
1099 3012 1226 3081 adorat,

216 3112 325 3200 Atque
351 3112 406 3177 ubi
433 3113 616 3178 vibrantem
644 3113 752 3178 divino
778 3113 898 3176 lumine
926 3109 1050 3178 vultum

216 3209 357 3295 Aspexit
381 3215 535 3294 propius,
564 3212 730 3280 (lilium
756 3215 901 3298 vestigia
926 3213 1050 3274 circum

215 3309 323 3372 Fusus
349 3313 380 3370 in
407 3305 540 3390 expleto
567 3307 800 3394 complectitur
824 3308 936 3372 ebrius
963 3312 1077 3386 aestu,

215 3404 405 3491 Osculaque
431 3409 632 3490 ingeminans
659 3411 842 3490 iterumque
868 3410 1049 3490 iterumque
1075 3397 1211 3470 saturat.

215 3503 307 3568 Haec
332 3508 420 3567 inter
445 3501 551 3566 Liraht
576 3502 729 3568 reducem
757 3502 942 3587 squalentis
968 3506 1082 3589 opacis

215 3598 420 3666 Amnamiden
446 3603 567 3681 cernit,
595 3605 648 3664 cui
675 3605 794 3664 circum
820 3608 966 3686 mmpora
989 3599 1135 3668 flammas

213 3697 332 3763 Fundit
357 3717 458 3780 apex,
485 3703 683 3784 geminoque
709 3696 871 3761 illuminat
897 3701 975 3762 adra
1001 3718 1112 3764 cornu.

214 3795 410 3860 Marmoreis
437 3793 556 3858 tabulis
583 3797 761 3880 inscriptas
788 3793 922 3860 dextera
947 3794 1044 3882 leges

173 3896 175 3900 ’
215 3891 380 3973 Sustinet,
406 3897 440 3955 ct
464 3890 591 3958 laevam
617 3891 702 3958 eceli
727 3900 901 3979 terraeque
927 3897 1093 3977 marisque

214 3988 320 4073 Virga
343 3995 459 4072 potens
486 3989 628 4056 decorat.
680 3989 782 4056 Juvat
806 3996 855 4055 ire
885 3997 919 4056 et
942 3990 1087 4076 jungere
1114 3982 1247 4051 texum

214 4082 444 4171 Amplectique
471 4089 585 4154 uirum.
638 4086 828 4154 Venientem
858 4086 984 4176 legifer
1010 4085 1110 4152 heroa
