3082 4746
640 160 883 258 cunienses
1260 205 1399 260 nnn-m
1422 267 1424 276 .

314 387 401 455 enin
430 394 538 453 netum
563 387 678 454 infant
703 393 894 454 munientem
920 396 955 453 tu
982 407 1112 473 qunque
1136 396 1253 454 trunco

216 487 357 553 Deseris
382 485 466 552 elme
493 486 637 572 percus?
663 486 750 552 ridet
772 485 941 554 malesane
964 493 1153 572 querentem

215 585 324 651 Turba
350 604 389 649 ec
413 582 564 649 Hebraea
588 582 704 648 ludens
728 590 762 648 in
786 603 886 666 voce,
912 582 990 670 quid
1017 587 1153 671 (inquit)

215 681 321 748 Etiam
348 689 495 747 extremo
521 685 664 746 moriens
688 680 833 747 clamore
861 682 1010 769 fatiget?

219 779 351 868 Ergone
375 778 549 849 flammanti
575 785 688 842 vectus
711 799 770 862 per
794 784 890 843 inane
915 779 1076 868 ‹pnedrige

215 876 363 943 Inicusto
391 882 544 941 miserum
569 882 757 958 pereunte·
783 881 897 960 stipite
922 884 1016 942 vetes

217 973 373 1042 Arcitens
399 993 512 1039 secum
536 973 712 1039 aetherea·
738 973 880 1040 abducet
903 979 935 1040 in
961 976 1087 1041 nunes?
1132 1011 1146 1020 ··
1521 1035 1522 1090 p

314 1167 405 1233 Haec
429 1187 560 1253 qunque
585 1166 775 1253 tranquitte,
800 1189 868 1254 que
895 1167 1033 1255 pertulit
1053 1175 1173 1253 creua,
1199 1171 1311 1236 mente

216 1263 348 1349 Excipit
374 1272 409 1330 et
433 1270 535 1330 tncitc
561 1285 674 1332 secum
692 1266 764 1332 snb
789 1273 926 1351 pectore
953 1276 1081 1351 verset,
1521 1255 1522 1262 ἵ

216 1363 339 1449 Ecquid
364 1363 469 1428 adbuc
494 1369 580 1430 sacri
607 1363 713 1430 divino
740 1367 883 1430 carmine
908 1373 1005 1431 vetes
1136 1418 1138 1424 .

217 1460 547 1548 P1·eedixene,.qund
573 1463 725 1527 effectum
752 1463 815 1527 sub
840 1463 956 1529 funere
983 1462 1109 1528 reddet.

216 1558 358 1625 Caetera
378 1557 446 1644 jcnr
473 1558 619 1644 perfecta
644 1560 736 1626 videt
762 1560 935 1648 solumque
959 1559 1100 1642 deesse,
1208 1600 1211 1610 ›
1252 1595 1255 1604 ‚

216 1656 314 1723 enon
339 1658 435 1722 finem
461 1662 577 1742 poenis
603 1665 637 1721 et
661 1657 792 1722 nutibus
819 1657 932 1742 addat,
960 1665 1097 1724 acetum

216 1754 375 1820 Continuo
403 1757 558 1839 (nemque
583 1762 719 1820 erentes
743 1760 821 1821 sitis
845 1776 963 1840 cepere
988 1755 1103 1822 fauces

216 1853 292 1920 Jern
319 1853 437 1918 dudum
461 1852 623 1934 exhauste
649 1859 699 1921 tut
723 1852 833 1940 plagis
859 1873 1003 1937 corpere
1025 1867 1149 1919 verens
1221 1885 1224 1892 »

215 1949 335 2017 Acrior
363 1957 509 2016 extreme
536 1956 625 2016 vitae
650 1951 713 2016 sub
739 1951 842 2016 limite
864 1953 992 2034 suevit)
1090 2009 1093 2014 .
1201 1961 1204 1970 “

216 2047 326 2113 Morte
350 2067 472 2135 graves
497 2048 612 2114 mutes
640 2069 743 2138 aegre
768 2048 907 2114 reclusit
932 2057 967 2114 et
993 2071 1057 2115 nne
1085 2081 1088 2090 ·

215 2145 391 2232 Expressit
415 2145 517 2211 verbo
540 2151 624 2212 sicci
650 2154 813 2212 inruente
837 2145 950 2232 peleti.
1069 2157 1072 2162 '

312 2338 396 2405 onis
423 2339 481 2404 tibi
505 2345 599 2427 virge
625 2351 746 2424 perenm
773 2345 938 2427 spectanti
964 2340 1046 2406 truie
1070 2340 1242 2404 senensi).

216 2437 352 2504 Quesve
375 2436 475 2500 debes
498 2435 673 2521 iacrymas,
698 2458 770 2502 cunr
794 2436 899 2502 nudus
920 2444 955 2501 et
976 2442 1118 2508 omniunt
1139 2453 1267 2524 egenus

214 2535 302 2600 Fons
328 2537 418 2616 vitae
443 2552 618 2618 rerumque
642 2542 752 2616 sator,
778 2539 834 2620 qui
859 2534 992 2599 flumine
1008 2535 1089 2600 ¹duii

215 2631 243 2697 E
269 2635 361 2696 venis
387 2629 493 2695 silicis
520 2633 652 2717 proavis
679 2631 869 2698 sitientibus
896 2631 972 2698 otim

215 2728 373 2793 Excussit
398 2732 580 2810 miserens,
606 2734 720 2815 quite
746 2739 905 2814 poscente
929 2730 1049 2796 falerni
1140 2783 1144 2794 .

214 2825 321 2892 Induit
346 2829 378 2890 in
403 2824 515 2912 flprern
542 2832 657 2892 vitreis
681 2847 702 2892 e
728 2829 874 2894 fontibus
900 2829 1040 2896 beustes

214 2923 363 3006 Hospitis
391 2923 438 2987 ud¹
458 2945 603 2990 mensem
629 2925 796 3010 lymphas,
816 2927 892 3010 jum.
910 2932 1065 3013 posceret
1078 2926 1242 2990 ‘baustum

213 3021 350 3086 Fontnni
376 3019 485 3085 inticis
511 3023 686 3087 moriensi.
708 3025 768 3088 eb!
795 3029 882 3088 siste
909 3031 1061 3102 ruentes,
1176 3054 1178 3062 ¹

215 3118 305 3186 Siste
331 3125 436 3181 tamenn
463 3117 642 3202 lacrymas,
668 3124 794 3186 sitienti
820 3122 940 3208 efferre
965 3121 1112 3186 levamen

215 3215 350 3282 Effusae
376 3222 558 3300 nequeunt,
583 3227 723 3299 pessunt
748 3238 874 3305 engere
901 3218 1057 3283 dolorem.

215 3313 244 3377 Ο
270 3312 327 3376 ubi
353 3332 437 3374 nunc
462 3317 535 3395 puri
561 3310 747 3380 dulcissime
772 3314 1048 3398 nantiniacus,

215 3408 377 3474 Uberibus
404 3429 488 3493 quee
514 3429 615 3495 seepe
641 3417 707 3480 tuis
734 3432 912 3497 expresse,
939 3413 1076 3498 liquenti

214 3505 362 3571 Nectere
388 3505 548 3590 plorantis
573 3515 666 3592 pueri
691 3531 846 3596 pressere
873 3509 1045 3596 quercias!
1087 3539 1089 3544 ¹
1190 3565 1194 3572 .

214 3602 288 3668 Heu
314 3603 433 3689 quibus
460 3605 534 3668 binc
560 3605 685 3688 oculis,
711 3609 830 3692 quibus
856 3607 931 3672 inde
956 3611 1141 3674 miserrime
1165 3604 1305 3670 insuunt

215 3700 300 3767 Quin
327 3700 453 3766 taudem
479 3721 520 3766 ex
549 3709 634 3768 omni
660 3705 801 3791 populo,
825 3727 920 3792 quem
946 3712 1082 3789 paveret
1106 3709 1180 3789 ipse

202 3798 394 3890 ¹Defessum
420 3805 581 3884 appositis
607 3801 743 3868 deserte
768 3824 828 3888 per
853 3802 945 3868 aride
969 3807 1109 3886 mensis,

215 3895 408 3962 ennesitcn
434 3907 549 3984 gratus
573 3904 724 3964 morienti
749 3904 900 3988 porriget
924 3899 1081 3968 undeni.
1176 3933 1178 3941 ·

214 3991 276 4059 Vix
301 3994 431 4060 tandem
456 3995 571 4061 bibutu
593 4002 779 4080 correptum
804 4003 945 4086 spungia
970 4003 1113 4078 acetum,

213 4089 341 4157 Nescio
366 4097 459 4179 quis,
486 4113 611 4158 summe
636 4094 809 4179 suspendit
834 4095 992 4161 arundine
1018 4102 1051 4160 et
1077 4097 1127 4159 ori
