3082 4748
123 200 258 290 irs-mr
664 233 773 288 umus
795 235 838 290 1v.

210 419 288 486 Ulla
313 419 404 503 dies,
427 428 503 484 vota
528 417 612 500 uba,
638 398 828 505 priusquam
855 427 949 486 natus
974 427 1010 488 in
1032 443 1131 491 auras
1161 471 1165 482 .
1274 443 1280 456 ¹

210 517 373 584 Prodierit
399 525 541 604 puerei
565 522 652 582 vitae
679 539 737 600 pro
763 539 903 585 munere
922 539 1034 584 vocem

208 617 276 682 Det
302 622 606 704 castigatoppquam
631 637 695 680 non
720 615 827 678 babet
845 621 935 700 ipse,
959 621 1101 702 parenti.

211 715 267 780 Sic
294 719 358 778 ait:
384 722 422 780 et
446 721 562 779 tenuas
586 713 698 781 subito
725 717 893 778 evanescit
918 719 950 778 in
977 733 1093 782 11111..

308 907 352 972 At
377 913 469 972 senis
494 913 656 996 ingratam
681 907 777 994 plebs
805 928 915 982 rerum
940 914 1058 995 ignara
1082 909 1259 994 stupebat,

209 1005 439 1090 carpebatque
465 1027 590 1070 moram
616 1014 737 1071 tantum
765 1027 827 1070 non
853 1027 936 1071 voce
959 1005 1132 1075 lacescens

210 1103 434 1192 Cunctantem.
485 1102 545 1168 1111
572 1123 656 1166 nova
680 1112 819 1172 mentem
846 1102 1018 1168 dulcedine·
1040 1102 1175 1188 plenus,

207 1201 291 1265 Dum
318 1199 440 1286 populo
466 1199 575 1265 divina
600 1200 727 1266 referre
754 1199 889 1265 oracula
913 1207 1036 1288 gestit,

207 1297 370 1362 Amissam
398 1302 505 1364 sensit
527 1317 641 1364 vocem
669 1308 847 1384 certusque
873 1299 975 1364 futuri

207 1395 241 1458 ln
270 1415 331 1460 sua
353 1401 440 1480 tecta
465 1395 560 1461 redit.
612 1395 705 1462 Deus
733 1396 925 1461 admirantis
951 1395 1063 1462 1111111

206 1489 397 1556 Foecundat
414 1492 591 1576 sterilem,
618 1499 768 1577 promissi
796 1493 880 1558 baud
906 1499 1089 1575 immemor,
1118 1491 1234 1563 alvum.

206 1589 385 1675 Postquam
410 1590 566 1657 finitimas
591 1589 659 1656 tate
685 1599 878 1676 pervaserat
906 1592 1006 1656 urbes

206 1687 306 1752 Fama
331 1707 452 1754 canens
479 1694 626 1755 exnnen
653 1695 736 1754 uteri
764 1690 916 1776 frigentis
945 1689 1116 1753 bonorem:

205 1784 335 1849 Matres
361 1793 460 1869 atque
486 1790 566 1866 viri,
595 1804 677 1870 quos
705 1808 769 1852 una
792 1787 831 1850 ab
853 1791 984 1873 origine
1011 1785 1128 1852 duotns

205 1879 352 1968 Sanguis
379 1887 607 1968 amicitiaeque
632 1889 768 1957 tenacis
786 1883 915 1948 vincula
938 1905 1024 1950 nexu

205 1977 365 2063 Abrumpi
392 1987 557 2046 metuente
583 1979 705 2066 ligant,
732 1987 894 2065 parientis
919 1987 952 2044 in
979 1979 1079 2044 aedas

207 2071 356 2156 Undique
381 2095 573 2140 convenere.
623 2075 727 2142 Juvat
750 2084 904 2157 spectare
932 2082 1107 2142 tumentem

206 2168 425 2234 lnioeoundae
447 2177 575 2234 uterum
601 2179 678 2254 post
702 2171 811 2237 taedia
834 2169 936 2258 ionga
951 2169 1120 2252 juventae.

206 2265 297 2330 Luce
323 2267 385 2331 sub
412 2275 528 2332 octava
553 2267 720 2348 (veterum
745 2267 895 2332 demone
920 2275 1090 2350 parentum

207 2361 385 2446 Abscissa,
413 2383 498 2448 quas
523 2369 651 2432 sumnia
676 2371 784 2449 operit
809 2365 982 2452 genitalia,
1010 2364 1114 2450 pelle)
1208 2411 1212 2418 -

207 2459 426 2527 Circumstant
452 2467 686 2550 consanguinei
714 2467 883 2546 pueroque
908 2469 1094 2548 paternum,
1192 2525 1195 2530 ,

206 2556 318 2644 ignari
340 2579 468 2640 rerum,
497 2567 624 2627 certent
647 2565 814 2645 imponere
841 2579 977 2645 nomen3

207 2653 371 2738 Opposuit
394 2675 473 2720 sese
501 2653 631 2737 Mater,
657 2663 854 2744 genitorque
879 2657 1020 2722 dominis

206 2749 249 2815 Ut
275 2756 413 2835 primum
439 2770 535 2816 cerne
562 2753 678 2820 incidit
702 2753 913 2820 memorabile
942 2771 1077 2838 nornen,

206 2845 372 2913 astrictae
398 2847 486 2912 solvi
512 2854 620 2912 sensit
644 2849 825 2914 retinacula
850 2850 993 2936 linguae.
1041 2917 1043 2924 ,

207 2943 318 3031 Atque
345 2951 486 3010 animum
509 2949 693 3031 inspirante
717 2947 809 3028 Deo,
836 2967 1020 3034 nomenque
1045 2947 1214 3034 decusque

206 3040 282 3126 lpse
309 3047 360 3106 sui
385 3048 482 3108 rates
508 3059 670 3130 praesago
699 3047 841 3112 carmine
867 3051 935 3112 nati
1266 3111 1268 3120 ,

206 3138 356 3202 Concinit
380 3147 417 3204 et
441 3160 558 3226 magno
585 3139 733 3209 celebrat
758 3141 961 3211 laetissimus
986 3161 1055 3206 ore.
1161 3207 1164 3214 ,
1204 3197 1219 3216 .,

205 3235 369 3300 Mirantur
394 3242 552 3320 comites,
580 3237 753 3322 divinaque
780 3237 864 3312 dona
889 3247 1063 3324 stupentes

205 3331 461 3418 Tendentesque
487 3352 600 3402 mouns
627 3339 658 3400 in
691 3336 820 3417 sidera,
849 3343 990 3424 pignora
1013 3337 1097 3408 divis
1199 3371 1201 3378 ⁴

207 3427 408 3513 auspicibus
433 3451 494 3494 sua
517 3431 760 3517 commendant,
788 3442 822 3498 et
846 3435 956 3501 fausta
981 3443 1173 3520 precantes,

205 3523 366 3592 Mirandis
393 3526 518 3592 similes
544 3536 655 3612 optant
681 3530 844 3600 natalibus
871 3553 982 3598 annos.
1085 3597 1087 3604 ,

304 3720 381 3786 1111
409 3722 463 3787 nbi
488 3730 593 3807 priua
617 3743 700 3812 puer
725 3726 837 3792 stabili
865 3731 1008 3815 vestigia
1033 3745 1155 3816 gressu

205 3815 326 3904 Figere
352 3828 386 3883 et
414 3821 576 3887 iactares
602 3820 748 3910 linguam
775 3823 936 3890 deducere
959 3845 1076 3890 voces:

205 3911 272 3978 Aut
299 3913 386 3980 docti
412 3923 535 3984 tacitus
562 3920 724 4005 pendebat
750 3921 789 3986 ab
816 3943 874 3989 ore
901 3928 1065 4008 parentis,

206 4007 272 4074 Aut
298 4021 446 4080 veterum
469 4022 568 4102 gesta
594 4019 732 4086 heroum
757 4025 967 4106 monitusque
994 4018 1156 4086 verendos

207 4105 373 4174 Evolrens
398 4117 533 4178 memori
561 4115 722 4182 condebat
749 4125 854 4182 mente
879 4123 1044 4204 repostos.

1149 4215 1171 4280 7
1226 4192 1232 4202 .
