3082 4748
637 147 880 204 cuffisrilms

199 327 358 422 'Virginis
385 341 527 402 intactae
551 341 679 422 partum
703 337 806 410 ¹videt.
857 335 948 424 ungo
974 343 1126 422 stupore·
1203 418 1205 422 Ι

210 434 341 521 Ingenti
366 435 543 518 abreptus,
570 433 649 520 quid
674 442 770 522 agat,
797 433 873 519 quid
900 434 1039 518 denique
1066 433 1195 518 credat,

210 531 372 597 Fluctuat.
422 530 609 616 Ancipitem
636 531 737 596 nitido
764 551 825 596 ror
851 529 987 596 aethere
1013 535 1115 598 missa

212 630 380 718 Castigat3
408 635 559 716 quianam
584 629 702 694 illaesa
728 627 911 694 inconsulte
936 635 1082 712 parentis

111 761 116 768 ·
210 728 425 816 virginitate,
450 747 572 810 senex,
599 746 735 812 puerum
762 725 980 809 prodirc·sob
1007 745 1105 792 auras

211 825 319 892 Posse
345 829 483 912 negas?
509 833 560 905 te,
587 831 621 887 te
648 822 727 886 mibi
755 823 860 887 erede·
878 829 1077 909 superstite,
1106 825 1208 912 Virgo

211 923 392 1004 Parturict,
420 921 613 1004 dabiturque
639 917 877 1006 tibi‘spectare
901 927 1045 1007 tuisque.
1072 967 1075 974 -

209 1020 372 1106 Ampleoti
398 1018 715 1082 manibusPuerum
742 1017 782 1086 de
808 1019 944 1106 Virgine
972 1027 1090 1084 natum.

209 1117 301 1204 Ergo
329 1116 384 1180 ubi
410 1115 520 1179 divino
546 1114 687 1182 Matrem
716 1138 789 1182 nour
815 1122 953 1203 pignore
979 1117 1134 1202 templum

209 1213 399 1300 Ingressem
424 1212 525 1295 vidit,
558 1219 689 1279 monitis
716 1215 917 1280 caelestibus
943 1217 1055 1296 actus,

210 1309 365 1373 Occurrit
387 1308 498 1376 laetus
524 1318 718 1399 ruptumque
742 1317 888 1397 parentis
915 1313 955 1376 ab
978 1313 1067 1380 ‘ulnis

208 1405 369 1472 Infantem
392 1409 581 1492 amplexuse
609 1430 708 1494 nuno,
737 1431 865 1475 onuno
890 1416 1003 1496 accipe
1027 1410 1171 1474 clamati

208 1504 461 1569 Herennianum
487 1505 605 1589 Pater,
631 1515 666 1571 et
692 1507 818 1572 tumulo
844 1527 896 1572 me
919 1505 1041 1572 claude*
1058 1506 1235 1572 volentem.

208 1601 287 1669 dam
314 1607 451 1684 moriar,
479 1603 587 1669 laetus
613 1611 753 1688 inorier,
780 1606 910 1690 quando
936 1606 1073 1670 aethere
1098 1605 1140 1668 ab
1161 1603 1229 1669 alto

207 1700 398 1764 Demissunr
425 1720 524 1765 cerno
547 1721 700 1784 puerum,
728 1708 783 1787 qui
813 1702 950 1789 Virgine
974 1701 1085 1766 Matre

208 1796 257 1862 Te
281 1800 431 1883 genitore
457 1804 567 1879 satus,
592 1797 751 1862 mortales
766 1799 882 1864 »induit
905 1807 1008 1864 artus.

208 1894 271 1958 Vix
298 1894 382 1959 baec
406 1895 571 1978 ediderat,
598 1915 668 1958 curn
696 1897 823 1960 oramine
851 1904 957 1978 taeta,
983 1901 1130 1981 stupenti
1205 1936 1208 1942 ·

209 1989 304 2054 Διιιιιι
329 1997 536 2076 supervenit,
564 1993 775 2080 clausumque
801 1998 832 2058 in
860 2012 998 2078 corpore
1022 1997 1158 2075 ιιιιιιιοιι,
1278 2037 1281 2044 ,

208 2087 425 2176 virgineique
451 2097 596 2156 exortem
623 2097 708 2156 uteri
735 2092 893 2175 patefecit
919 2089 1083 2156 bonorem.
1140 2109 1143 2116 ⁴

207 2184 299 2253 Hane
325 2187 380 2269 (ut
406 2196 498 2253 certa
521 2189 620 2267 fides}
647 2188 762 2254 viridis
787 2189 848 2253 sub
872 2189 956 2253 tiore
978 2190 1136 2273 juventae

208 2283 346 2348 Orbavit
375 2285 475 2348 cbaro
500 2291 785 2350 rann-stromatum
810 2291 934 2348 marito.

208 2377 271 2442 llla
295 2387 405 2442 autem
432 2380 561 2462 abrepti
587 2387 662 2465 post
689 2381 803 2444 funera
825 2379 994 2466 conjugis,
1022 2385 1127 2445 omnis

208 2473 388 2558 impatiens
413 2475 566 2557 thalami,
592 2473 755 2558 Superum
780 2497 819 2540 sc
848 2476 987 2553 devoret
1012 2497 1108 2560 erue,

208 2569 488 2656 supplicibusque
514 2569 620 2635 Deum
647 2580 828 2659 noctesque
853 2573 989 2659 diesque
1016 2575 1176 2664 wigone·

207 2669 324 2752 Votis,
353 2675 385 2734 in
412 2688 519 2734 seram
541 2667 668 2753 jejunia
695 2679 788 2736 casia
812 2675 1004 2736 senectam

208 2764 367 2832 Produxit
390 2761 548 2850 nulloque
562 2785 747 2850 aspersam
773 2774 907 2838 crimine
933 2777 1040 2838 ritum.

307 2961 351 3026 At
376 2981 439 3028 non
468 2971 619 3054 angustis
644 2959 793 3030 Judaeae
817 2967 938 3032 finibus
963 2973 1054 3030 ortua
1125 2981 1129 2991 ’
1214 2989 1217 2997 ’

207 3057 312 3147 Signa
337 3066 388 3126 sui
414 3083 453 3127 ac
477 3062 594 3129 illibati
619 3062 777 3126 miracula
802 3072 916 3149 partus
1012 3093 1015 3100 ·

208 3156 331 3224 lnoludi
357 3179 490 3246 passus.
541 3157 739 3224 Nabathaeo
765 3177 784 3222 e
811 3159 943 3224 cardine
969 3160 1084 3250 Reges

206 3254 290 3320 Tres
317 3277 469 3338 numero,
494 3261 632 3340 patriae
649 3262 855 3322 immemores
880 3264 1059 3343 regnique,
1088 3258 1223 3344 periclis

207 3351 408 3438 Contemptis
433 3359 532 3437 (quae
559 3372 663 3416 causa
688 3357 760 3416 viae
786 3351 984 3440 longumque
1009 3355 1073 3421 sub'
1097 3361 1171 3442 ipso

207 3448 367 3514 Cornibus
394 3451 558 3513 horrentis
584 3447 715 3536 glaciali
743 3449 853 3514 sidere
880 3451 976 3536 Capri
1085 3467 1087 3472 ·

205 3544 389 3610 lutentabat
415 3551 493 3624 iter)
520 3553 713 3634 peregrines
739 3567 897 3632 quaerere
919 3557 1029 3614 terras

206 3642 338 3730 impulit
363 3641 534 3709 illustrans
561 3644 685 3708 eaelum
713 3663 796 3710 nova
821 3645 936 3728 stelin,
963 3663 1105 3720 corusco
1164 3687 1167 3694 ‹
1207 3687 1209 3695 ι

205 3741 343 3806 Lumine
369 3740 536 3806 Phoebeis
563 3763 625 3807 non
650 3743 829 3808 decessura
855 3745 1034 3833 quadrigis.
1085 3769 1088 3778 ⁴
1173 3767 1175 3774 ’

204 3839 298 3906 Hanc
323 3839 425 3906 Pater
451 3839 666 3926 Omnipotens
695 3840 860 3912 GHR18T1
886 3851 1052 3908 nascentis
1079 3845 1210 3906 horrori¹

204 3935 304 4002 Adris
330 3945 477 4002 extremo
503 3937 676 4024 suspendit
702 3944 733 4002 in
761 3941 858 4024 orbe,
887 3942 1066 4026 ducemque

206 4032 337 4101 Addidit
364 4034 555 4124 Aligcrurn,
588 4057 651 4126 quo
677 4038 880 4122 propellente
906 4059 966 4124 per
992 4055 1119 4103 auras-
