3060 4752
635 199 878 255 cunisrlanos
1256 200 1412 254 ἀνι-139

211 387 286 452 (luo
316 389 504 473 (postquam
531 385 709 475 Argolicae
734 385 884 451 crudeles
911 387 1049 474 virginis
1074 405 1148 450 aras
1190 459 1193 466 ¹

209 483 252 549 Et
279 490 387 570 patrui
415 485 537 550 vultum
564 492 599 550 ct
622 505 794 572 procerum
820 484 1008 572 posuisset)
1035 505 1162 550 amaros

210 581 350 647 Attoniti
376 589 517 670 gemitus
544 590 578 648 et
602 605 665 649 non
693 582 852 648 imitabile
877 589 982 667 patris

209 679 370 745 Subduxit
394 680 511 746 vulnus
537 681 796 765 subductumque
822 679 922 744 altius
948 685 1023 746 imis

208 777 369 843 Sensibus
395 783 583 865 impressit3
608 782 637 841 si
665 784 781 840 natura
809 782 883 859 ipsa
908 776 1031 861 dolori,
1084 801 1087 804 ·

208 876 316 941 (luem
342 876 475 941 Christo
501 879 638 939 exanimi
664 872 840 957 impendit,
868 875 1057 960 Christique
1084 880 1211 961 parenti

207 973 282 1038 Non
310 972 405 1037 aliam
429 977 536 1057 potuit
561 971 769 1037 melioremve
796 971 916 1038 addere
941 972 1064 1053 lucem,

207 1071 314 1136 (luam
339 1075 472 1156 spissae
498 1067 606 1135 velum
632 1068 786 1156 caliginis
813 1069 953 1136 etmihi
979 1074 1098 1136 tristes

206 1169 355 1255 Virginis
383 1168 519 1232 orbatae
545 1167 696 1255 planctus
722 1166 899 1254 Musisque
927 1175 1068 1255 negatos

207 1264 356 1330 Affectus
383 1270 483 1330 tacito
509 1265 561 1332 las
588 1273 640 1330 est
665 1264 834 1330 involvere
857 1265 959 1332 luctu.
1081 1260 1085 1268 ’

301 1457 392 1546 Ergo
416 1461 471 1524 ubi
497 1465 673 1544 continuit,
701 1466 838 1526 miseras
865 1461 1079 1547 quodcunque
1104 1467 1258 1546 parentes

204 1554 363 1638 Effutire,
389 1564 461 1623 atro
487 1566 671 1644 praereptis
698 1553 814 1625 111111
840 1565 943 1642 natis,

204 1653 367 1720 Effraeuis
394 1655 546 1722 doloret
572 1663 677 1742 pietas
703 1661 876 1724 temeraria
903 1661 1010 1746 cogit,

204 1750 260 1816 Sic
286 1752 519 1823 Aremathiden
547 1756 649 1820 affata
673 1763 727 1820 est
752 1761 846 1842 virgo
869 1755 1072 1840 Josepbum:

300 1946 458 2015 Exactum
484 1957 535 2014 est
561 1953 695 2038 ingens,
722 1957 798 2014 nato
823 1954 1001 2033 moriente,
1029 1952 1173 2034 parentis

100 2085 103 2096 ψ
206 2043 362 2110 Aetherei
388 2067 540 2114 arcanum
566 2046 894 2135 Sacramentumque,
920 2054 970 2112 tot
996 2046 1072 2112 olim

205 2142 411 2209 Carminibus
435 2154 544 2210 vatum
570 2145 743 2228 obscuris,
764 2146 804 2210 ab
829 2149 956 2233 origine
982 2165 1089 2209 rerum

204 2239 399 2326 lmplicitum
426 2251 461 2307 et
486 2249 596 2309 caecis
623 2243 763 2308 Mosaea
788 2249 819 2307 in
846 2242 922 2330 lege
948 2243 1076 2329 figuris.

203 2337 326 2424 Accipe
348 2359 433 2404 nunc
458 2345 561 2404 nostri
588 2348 827 2405 monumentum
852 2348 888 2404 et
914 2346 1034 2427 pignus
1059 2343 1182 2403 amoris

203 2436 410 2520 virtutisque
436 2444 531 2519 tuae,
558 2441 699 2500 miserae
724 2441 779 2520 pia
804 2444 881 2501 vota
905 2442 1072 2522 parentis,

204 2532 353 2618 Namque
378 2533 436 2598 tibi
461 2540 526 2598 nati
553 2555 673 2616 corpus
699 2533 951 2618 tumulandaque
976 2535 1122 2598 membra

203 2629 293 2694 Cedo
320 2630 436 2696 libens.
487 2631 536 2697 Tu
563 2630 649 2716 pelle
675 2639 794 2697 metum
821 2637 1013 2717 veniamque
1039 2630 1204 2715 sepulchri

203 2727 311 2792 Posce
337 2727 417 2793 nibil
446 2728 613 2816 dubitans3
641 2729 751 2796 facilis
777 2729 866 2796 dabit
893 2735 1001 2795 omnia
1024 2727 1143 2794 Judex.

300 2923 455 2989 Dixerat:
483 2924 538 2990 ille
564 2925 679 2989 oculos
706 2947 871 3013 generosa
895 2931 927 2989 iu
953 2929 1081 3010 virgine
1107 2923 1210 2987 fixus:

203 3021 294 3087 (luas
320 3022 396 3100 tibi,
423 3043 524 3108 quas,
551 3027 671 3106 inquit,
700 3031 777 3086 nato
801 3021 994 3108 persolvere
1020 3028 1133 3109 grates

200 3118 405 3208 Aggredior,
432 3125 515 3184 tanti
542 3125 575 3183 in
598 3127 719 3183 sortem
745 3119 917 3204 praelatus*
939 3118 1104 3184 honoris?

200 3216 285 3281 Nam
311 3237 418 3302 neque
445 3215 562 3281 feralis
586 3220 691 3280 trunci
717 3215 903 3281 miserabile
928 3215 1048 3296 fatum,

200 3311 273 3377 Nec
297 3315 384 3378 fama
409 3314 550 3401 indignis
575 3333 745 3398 procerum
771 3313 915 3378 lacerata
939 3313 1103 3378 furentum

199 3409 243 3474 Et
267 3410 380 3494 populi
406 3417 528 3498 ingrati
552 3410 699 3494 probris,
727 3419 824 3498 gesta
847 3410 969 3495 inclyta
994 3412 1159 3480 CHRISTI

200 3505 243 3570 Et
266 3527 418 3593 maguum
445 3515 557 3572 nostro
584 3513 729 3574 excussit
754 3508 794 3574 de
819 3515 955 3592 pectore
980 3528 1133 3572 amorem.

199 3603 339 3668 Vincunt
365 3603 551 3669 indomitam
580 3605 688 3670 clarae
714 3605 870 3670 miracula
895 3610 1011 3670 mortis

201 3699 355 3765 Invidiam
382 3708 417 3763 et
442 3698 554 3766 lacero
581 3702 726 3768 clausum
751 3703 813 3769 sub
840 3723 978 3787 corpore
1004 3721 1136 3784 numen,

201 3798 287 3864 Dum
311 3802 466 3880 moritur,
495 3796 639 3879 coelum,
665 3800 786 3884 tellus,
814 3807 927 3864 natura
951 3800 1084 3864 fatetur.

200 3895 275 3961 Non
304 3897 386 3960 baec
413 3894 562 3960 humanis
589 3897 726 3982 opibus,
753 3919 816 3963 non
841 3897 965 3962 viribus
988 3905 1079 3963 11111

201 3991 357 4079 Corporis
383 3994 514 4058 obscuri
541 3992 706 4059 conclusis
721 4014 881 4079 carcere,
907 4004 1053 4061 monstra

201 4089 418 4178 Proveniuut3
445 4091 538 4158 Deus
563 4091 639 4174 illa,
667 4092 758 4160 Deus
784 4092 844 4159 sub
871 4098 1018 4179 eorporis
1043 4089 1157 4158 umbm
