3060 4752
136 195 269 250 tbi-M
682 189 792 244 Lllllili
813 191 861 246 Xl.

222 375 369 442 Molibus
395 383 427 442 iu
453 381 580 440 montes
606 373 778 446 attolleret
800 375 948 463 altaque,
973 381 1077 462 raptis
1193 409 1200 426 ν

222 473 418 557 Μιιιιῑὶἰιιιι,Δ
434 479 466 539 in
491 493 612 560 pronas
638 481 802 558 premeret
825 474 965 562 fastigia
990 472 1112 560 valles3-

223 572 322 639 Nunc
345 577 541 659 improvisos
566 569 742 636 fluviorum
767 577 801 636 in
828 575 962 659 gurgite
987 571 1107 638 ludens

224 669 385 756 Cycladas
410 665 574 757 erigeret3
599 689 685 735 nunc
710 668 838 734 vulsum
863 690 884 734 a
908 669 1043 736 sedibus
1067 675 1141 736 imis

224 766 405 853 oppressis
431 787 521 832 mare
545 766 698 832 ruricolis
718 765 892 851 jacularet·
908 773 940 832 in
966 789 1067 856 agros

222 865 264 930 Et
290 885 421 948 campos
442 862 510 947 jam
537 864 828 951 velivol013uunc
854 864 1026 932 clauderet·
1045 870 1110 932 imo

223 961 360 1050 Gurgite
385 967 549 1049 spumanti
573 960 697 1027 refluos
723 984 744 1027 a
768 962 879 1028 littore
904 963 1043 1047 ductus3

221 1061 388 1146 Deceptus
412 1059 506 1124 nudis
532 1059 659 1144 phocae
686 1070 720 1123 et
747 1067 880 1124 caetera
904 1067 1015 1126 arenis

221 1159 414 1224 Destituons
440 1157 547 1244 refugi
573 1163 719 1222 monstra
745 1157 922 1222 interclusa
945 1159 1105 1244 profundi.

221 1257 312 1321 Tunc
337 1261 437 1320 etiam
462 1260 576 1320 insano
604 1253 778 1320 violentior
802 1255 912 1320 Aetna
936 1255 1065 1338 furore,

222 1352 412 1439 Sulphurea
437 1355 506 1440 igni
531 1373 626 1418 vonro
653 1351 793 1418 fnudeus
816 1373 838 1417 e
863 1357 988 1419 vertice
1016 1374 1117 1438 saxa,

222 1451 265 1516 lit
289 1449 421 1534 rapidos
447 1451 593 1516 cinerum
619 1449 770 1534 subjecta
795 1471 855 1536 per
879 1469 1024 1536 aequora
1049 1453 1177 1518 nimbos

221 1549 334 1613 Torsit
360 1568 483 1636 agens,
510 1553 632 1612 tonitru
658 1548 787 1614 coclunr
813 1557 1000 1634 terramque
1025 1548 1185 1637 fatigans.

222 1645 294 1710 Nec
318 1651 423 1710 minor
449 1644 573 1710 ardenti
599 1645 711 1711 rabies
738 1667 777 1711 ao
801 1651 850 1712 ira
874 1646 1007 1711 Vesuvo

221 1743 290 1809 Aut
314 1743 451 1829 Lypari‚
476 1741 603 1808 Aeoliis
630 1764 715 1828 quae
740 1750 874 1810 saevior
897 1765 962 1810 una
988 1749 1142 1828 caminis⁷

222 1841 312 1906 Tunc
338 1845 433 1907 etiarn
459 1840 581 1927 Lyciae
606 1841 735 1907 damma
759 1842 903 1906 eluctata
929 1842 1108 1927 bemerae

220 1937 416 2020 Exundaus,
441 1947 514 2003 atro
541 1937 713 2023 subjectos
739 1940 868 2004 turbine
895 1959 1029 2025 campos

220 2035 263 2100 Et
287 2037 429 2102 Paterae
456 2041 619 2124 ignivomo
646 2042 791 2101 nutantia
816 2043 947 2101 moenia
971 2043 1087 2101 victrix
1176 2037 1178 2040 ’

220 2132 356 2200 Vortice
383 2139 551 2220 corripuit.
604 2133 697 2200 Nihil
723 2134 770 2198 illi
800 2135 956 2200 Phoebus
984 2133 1106 2220 Apollo

221 2231 349 2298 Profuit
375 2237 432 2295 aut
459 2230 605 2298 Hecates
631 2238 818 2298 reverentia
841 2230 946 2298 stulta
972 2231 1141 2297 triformis.

320 2425 395 2490 (luo
420 2431 546 2513 gemitu
572 2427 729 2512 abruptae
754 2433 897 2492 sonitum
923 2425 1098 2511 Campania
1122 2428 1214 2494 dives

221 2521 355 2606 cajetae
380 2523 577 2610 obstupuit?
602 2527 765 2610 fortiaque
791 2524 924 2590 Etruria
947 2545 1064 2613 magno

221 2619 301 2684 Cum
327 2625 436 2686 scissa
459 2627 665 2710 ingenuerant
692 2621 847 2686 Alveruia
872 2643 953 2688 saxa
977 2623 1141 2711 fragore?

222 2718 296 2783 (lua
321 2724 372 2802 vi,
398 2719 513 2784 feralis
539 2741 603 2804 quo
629 2718 759 2783 turbine
785 2718 953 2805 Golgatba
977 2721 1069 2786 fesso

221 2814 354 2881 Vertice
382 2816 545 2902 dissiluit3
571 2814 698 2902 quando
725 2817 857 2880 funesta
881 2815 1020 2881 latronis

222 2911 383 3001 Sacrilegi
411 2936 506 2998 crux,
532 2919 663 2980 immani
688 2912 883 2999 trepidantis
908 2914 997 2977 biatu

221 3011 345 3075 Terrae
370 3011 562 3096 interiecto,
588 3015 717 3077 victrici
742 3031 763 3074 a
787 3016 902 3098 stipite
927 3011 1093 3080 CHRISTI

221 3105 393 3195 Aligerum
418 3109 524 3175 ultrici
550 3108 665 3174 dextra
690 3109 819 3175 divulsa
843 3113 1014 3176 recessit?

221 3203 298 3289 lpsa
322 3210 421 3269 etiam
448 3207 645 3273 absorbente
667 3207 741 3273 solo
765 3206 925 3272 tumulata
948 3212 1106 3292 periisset

222 3301 332 3366 Causa
357 3302 431 3367 mali
458 3310 538 3368 tanti
565 3304 737 3390 Solymo,
765 3304 825 3370 sed
851 3308 1014 3392 sanguine
1041 3308 1108 3370 uati

221 3399 265 3464 Et
289 3400 444 3486 precibus
470 3407 579 3468 victus
605 3407 739 3490 genitor
758 3401 947 3486 justissima
973 3402 1042 3466 tela

223 3497 358 3562 Distulit
383 3507 419 3563 et
443 3503 582 3583 spatium
607 3499 743 3566 indulsit
767 3506 980 3586 requiemque
1007 3499 1122 3564 furori.

222 3593 376 3659 Attamen
402 3596 534 3682 impulsi
559 3596 758 3684 trepidantia
784 3596 924 3662 culmina
948 3597 1064 3683 ternpli

221 3692 389 3758 Nutavere
416 3693 489 3776 diu,
506 3703 617 3780 -atque
643 3699 716 3779 ipso
741 3695 939 3760 sublimine
965 3703 1081 3780 portae

221 3789 351 3856 Decidit
375 3796 499 3880 ingenti
522 3813 599 3877 pars
625 3813 687 3858 non
716 3792 892 3858 temnenda
916 3799 1028 3877 ruina,

221 3886 377 3954 Aetheria
402 3895 477 3955 irati
505 3895 653 3977 signum,
680 3888 813 3977 lateque
837 3911 897 3976 per
921 3911 1022 3978 agros

221 3984 319 4050 Nuda
344 3994 471 4073 patrum
497 3989 644 4054 effractis
667 3988 837 4072 jacuerunt
862 4007 940 4054 ossa
965 3986 1159 4073 sepulchris.

221 4081 357 4148 Talibus
382 4091 524 4151 nstantia
549 4085 723 4171 percuhns
747 4087 910 4161 inhorruit
934 4085 1042 4164 orbis,
