3056 4758
146 272 281 322 aro—aaa
563 317 565 322 .
634 331 639 342 Ι
663 271 771 325 LIBER
797 271 867 326 xvi.

329 453 419 522 Ecce
443 464 551 524 autem
578 461 673 540 primi
699 457 760 522 sub
786 457 908 522 lumina
932 458 1017 524 solis'
1043 466 1073 524 in
1100 466 1172 546 ipso

232 553 364 634 Litore,
392 553 449 618 sed
478 556 582 620 forma
610 561 708 632 visus
726 554 878 642 fallente,
904 563 1067 644 magister
1165 589 1167 596 ·

233 651 389 718 Constitit
414 659 448 717 et
474 653 564 718 clara
589 652 789 738 compellans
812 674 896 717 voce
921 654 1118 720 frementes:

331 846 438 928 Heus,
464 854 583 934 inquit,
604 847 763 932 juvenes,
790 868 873 933 qnae
898 852 1012 915 tristes
1037 870 1117 914 cura
1142 850 1286 936 fatigati)

232 944 366 1010 Vanane
393 953 542 1012 nocturni
570 950 675 1010 cessit
700 947 832 1010 fortuna
853 945 1004 1011 laboris?

231 1043 383 1108 Dixerat:
410 1053 463 1108 ast
488 1045 537 1108 illi
562 1043 644 1108 nihil
670 1043 847 1108 inclusisse
873 1053 1055 1129 queruntur
1110 1093 1114 1100 -

232 1141 311 1206 Com
339 1147 480 1228 gemitu,
508 1148 728 1228 quassantque
756 1150 854 1224 capnt
880 1150 1099 1230 spectantque
1127 1149 1252 1206 retorto

232 1238 367 1304 Flumen
394 1261 527 1304 avarum
552 1246 671 1303 iterum
697 1238 901 1325 deceptaque
927 1243 1013 1303 retia
1037 1238 1142 1305 vultu.

232 1337 325 1400 ssuos
352 1338 458 1400 bonus
485 1337 641 1422 alloquiis
667 1336 863 1406 CHRISTUS
889 1335 1015 1401 solatur
1040 1341 1171 1401 amicis.

179 1426 180 1430 ¹
231 1433 272 1496 Et
291 1432 406 1517 jubet,
433 1440 465 1498 in
491 1455 613 1500 vacuae
641 1433 789 1498 dextrum
817 1439 961 1498 rorantia
988 1435 1123 1520 cymbae
1233 1480 1236 1488 ι
1318 1476 1324 1488 ·

231 1530 371 1595 Vertere
398 1532 454 1597 fila
478 1533 585 1612 latus,
612 1551 908 1618 successurumque
934 1529 1081 1596 laborem

231 1628 406 1694 Promittit
459 1631 598 1696 Munitis
624 1637 738 1714 parent
763 1629 989 1713 translataque
1009 1627 1137 1713 jactant

230 1725 337 1790 Retia.
388 1725 433 1791 At
455 1733 579 1792 interea
603 1734 679 1790 nutu
709 1733 947 1812 omnipotente,
969 1747 1033 1814 'per
1059 1747 1190 1806 omnem.

230 1824 364 1888 Divisos
388 1825 543 1909 fluvium,
571 1826 658 1889 facto
684 1825 774 1890 velut
800 1831 945 1912 agmine,
971 1831 1082 1910 pisces
1133 1849 1135 1852 ·

232 1921 402 2006 (luemque
429 1929 499 1988 sais
518 1922 615 2007 jubet
640 1942 659 1985 e
685 1923 822 1988 latebris
848 1941 1043 2008 procurrere
1068 1921 1283 2002 GnarsrlJS,

230 2018 459 2105 Projectisqne
485 2021 599 2100 avide,
629 2030 790 2105 quantam
810 2039 932 2106 capere
959 2019 1182 2086 humidarlina'
1278 2028 1284 2066 -’
1312 2017 1316 2026 ’

230 2116 422 2200 Sufficiunt,
449 2119 536 2183 dictu
563 2117 725 2199 mirabile,
753 2103 891 2202 corpora
917 2117 1005 2180 filis·
1127 2161 1130 2168 ,

230 2215 384 2297 lnduere,
411 2226 596 2302 opportuna
621 2220 683 2302 plis
710 2214 832 2280 solatia
857 2215 994 2280 alumnis

229 2311 461 2378 Accumulans.
513 2313 562 2377 llli
591 2312 714 2398 liquido
742 2313 893 2392 demersa
918 2313 1100 2398 profundo*
1176 2359 1181 2367 -

228 2411 343 2491 Retia,
369 2417 401 2474 in
429 2411 612 2476 instabilem
638 2419 773 2476 curvato
800 2431 937 2494 corpore
965 2416 1095 2496 puppim

230 2509 429 2573 Protrabere
453 2515 627 2597 aggressi,
654 2508 783 2573 collatis
810 2510 933 2574 viribus
960 2528 1074 2573 omnes

229 2605 290 2669 Vix
317 2605 398 2670 adeo
424 2617 563 2691 potuere
590 2607 683 2672 undis
710 2607 853 2670 educere
880 2606 1032 2691 praedam

228 2705 270 2768 Et
295 2725 355 2767 non
384 2704 541 2789 disruptis
564 2709 595 2766 in
622 2704 767 2788 cymbam
790 2722 917 2790 eogere
944 2703 1030 2768 linis.
1098 2743 1102 2756 .

229 2801 440 2887 Obstupuere
468 2819 600 2882 omnes,
626 2800 745 2886 plausa
771 2799 968 2884 fremituque
994 2798 1158 2863 resultant

229 2899 375 2982 Littera,
403 2907 436 2962 et
462 2904 576 2964 insano
603 2907 757 2962 resonant
782 2898 867 2961 freta
893 2897 958 2960 lata
983 2895 1131 2962 tumultu.

227 2986 273 3061 At
298 3015 378 3061 vero
405 2997 573 3062 Zebedaei
600 2996 782 3063 clarissima
809 2994 937 3080 proles,

227 3094 376 3160 Dilectus
402 3093 577 3164 CHRISTO
600 3097 756 3180 juranis,
783 3098 835 3157 eui
863 3103 956 3158 casta
981 3092 1116 3176 pudoris

227 3192 375 3280 Virginei
402 3198 578 3280 integritas
605 3194 747 3278 majores
772 3189 906 3255 luminis
932 3192 1070 3254 haustus
1180 3217 1183 3226 ·

227 3288 385 3354 Aetherei
413 3290 579 3376 indulget,
606 3291 710 3354 radiis
736 3288 938 3354 coelestibus
964 3293 1084 3351 auctus

227 3387 471 3472 Perculsnsqne
489 3393 673 3474 ‘insperatis
698 3386 929 3468 successibus,
956 3383 1062 3469 ipsum

226 3484 408 3568 Deprendit
434 3505 616 3568 quanquam
643 3491 750 3571 ignoti
776 3482 837 3548 sub
865 3488 1007 3569 imagine
1034 3481 1146 3546 vultus

225 3581 374 3646 Murreris
400 3583 571 3646 authorem
597 3591 631 3646 et
655 3581 753 3646 Petro
777 3580 962 3645 submissus
987 3585 1174 3657 infamauit

225 3679 397 3762 Fallimur,
425 3684 536 3765 inquit,
564 3700 602 3742 an
634 3680 698 3761 iric,
724 3699 849 3744 snrmno
876 3683 932 3764 qni
958 3684 988 3742 in
1017 3686 1162 3768 margine
1188 3688 1278 3764 ripae
1319 3696 1323 3707 ·

226 3777 371 3859 Obvius,
397 3778 563 3844 infaustos
587 3777 669 3842 dura
694 3778 755 3842 sub
783 3781 881 3842 nocte
906 3775 1038 3842 labores

225 3875 332 3939 Tanto
359 3881 527 3962 improvisi
554 3875 730 3940 cumulavit
754 3873 1019 3958 foenorelncri,
1081 3917 1086 3927 ·
1130 3916 1135 3928 ·
1295 3884 1326 3922 ·i

226 3971 371 4059 llirginis
398 3982 553 4038 aeternae
578 3974 714 4040 soboles
739 3974 817 4038 est.o
843 3993 944 4038 arnseo
970 3977 1160 4059 magistrum

226 4070 267 4133 Et
294 4068 414 4134 clarum
441 4070 566 4155 aspicio
592 4073 732 4137 obscuro
759 4071 823 4136 sub
848 4091 986 4154 corpore
1013 4087 1136 4132 nnuman.
1181 4127 1184 4136 ι

228 4167 288 4234 Vix
314 4169 399 4234 haec
424 4169 589 4234 ediderat:
616 4166 813 4256 Petu-nsque·
827 4167 911 4234 haud
939 4165 1229 4246 multamoratus,
1288 4167 1308 4218 ι’
