3060 4752
110 251 240 306 iic-176
634 245 741 302 LIBER
768 247 843 300 Xlll.

196 434 295 500 Falso
316 434 391 499 luce
418 429 532 497 oculos
559 439 594 499 et
617 430 712 498 labra
734 439 877 520 rigentia
903 431 1017 512 flectit.

197 533 376 598 llorrentes
403 534 521 614 capitis
549 535 657 596 crines
683 538 846 616 componit
873 539 907 594 et
931 536 1000 594 auri

197 630 392 715 Serpentum
419 648 437 692 e
460 633 605 712 squamis
631 634 717 712 rapti
742 629 923 694 diademate
949 632 1059 716 cingit.

197 730 278 794 Tum
305 733 452 817 geminas
480 726 625 790 humeris
651 733 741 810 aptat
768 727 973 809 torpentibus
998 727 1080 791 alas.

197 827 351 892 Protinus
378 830 533 909 expansis
560 824 644 888 coeli
671 843 729 908 per
755 829 863 906 irrania
891 830 1005 907 pennis

195 923 334 990 Tollitur
360 937 395 988 et
421 931 514 987 notas
542 923 684 1006 Caiphae
709 923 846 989 festinat
872 928 904 985 in
931 923 1042 988 aedes.

291 1118 433 1204 Jamque
459 1117 514 1182 uhi
540 1117 707 1201 pontilicis
734 1123 851 1182 turrile
876 1115 995 1199 palatia
1020 1124 1136 1183 summi

196 1217 336 1305 Attigit,
363 1216 505 1282 illabens
531 1220 616 1302 nigri
644 1237 702 1300 per
727 1235 852 1302 summa
879 1219 993 1278 camini

196 1315 369 1395 Culmina,
391 1315 568 1403 (gyrovagi
596 1319 626 1377 in
655 1333 776 1378 morem
803 1311 994 1392 nebulonis,
1021 1321 1193 1400 utrumque

196 1414 310 1492 Οιηιιίιι
337 1417 392 1497 qui
417 1433 550 1493 secum,
578 1411 668 1476 velut
693 1415 911 1475 armentarius
939 1409 1020 1474 Aser

124 1524 126 1528 '
195 1509 359 1577 Herculea
385 1517 519 1596 portans
547 1515 693 1592 cervice,
722 1505 924 1594 perambulat
950 1507 1080 1592 orbern,

195 1608 296 1694 loque
323 1607 384 1671 has
410 1629 450 1674 en
470 1607 558 1688 illis,
584 1608 693 1673 furtim
720 1624 869 1691 quaeque
897 1609 1017 1690 optima
1042 1605 1155 1670 dextra

195 1706 323 1772 Artifici
350 1705 561 1787 detersurus,
589 1704 680 1770 celer
704 1703 807 1768 insilit
832 1702 949 1782 aedes)

194 1806 317 1890 lrrupit
342 1803 452 1868 subito
481 1802 576 1867 medii
604 1808 636 1866 in
663 1801 848 1888 penetralia
869 1804 963 1880 tecti,

196 1901 462 1988 Suppositosque
487 1905 583 1988 ignes
612 1905 714 1965 cineri
740 1900 834 1988 vafer
860 1901 1000 1978 excitat,
1029 1906 1101 1964 atro

196 1998 364 2083 Sulphure
390 1996 585 2084 languentes
610 1997 757 2061 flammas
784 1994 933 2060 accendit
958 2005 993 2062 et
1018 2017 1113 2062 ornae

195 2094 367 2178 lmprohus
396 2098 526 2160 insueta
553 2094 717 2180 perfundit
742 2093 818 2158 luce
846 2089 963 2158 cubile.

196 2191 345 2275 Assyriis
373 2190 517 2274 Caiphas
542 2190 650 2256 relata
676 2190 843 2278 tapetibus
870 2188 937 2253 alto

197 2288 348 2354 Membra
371 2288 469 2353 thoro
495 2297 637 2371 stratus,
666 2293 814 2372 quamvis
841 2287 1033 2374 ingentibus
1058 2307 1191 2376 aegrum

196 2386 363 2453 Turbatus
390 2389 478 2449 curis
504 2389 642 2458 animum
670 2391 902 2471 monstrisque,
930 2383 990 2450 suh
1006 2389 1090 2471 tipso
1184 2391 1208 2465 ‘¹

198 2485 364 2550 Exanimis
389 2483 555 2553 CrinisTI
579 2503 661 2568 quae
687 2485 802 2549 funere
831 2483 969 2569 plurima
993 2488 1121 2550 tristem

196 2582 426 2660 Perculerant,
452 2589 560 2647 tamen
588 2591 733 2648 extrema
758 2582 819 2647 suh
847 2591 942 2648 nocte
967 2581 1107 2647 trahenti

194 2679 354 2744 Cesserat
380 2676 554 2764 indulgens
580 2699 713 2762 somno,
740 2701 812 2744 cum
841 2679 980 2746 collidus
1007 2678 1086 2744 Oroi

197 2775 364 2855 Nuntius,
391 2774 533 2862 angelici
561 2775 645 2840 falsa
670 2777 732 2840 sub
759 2781 899 2860 imagine
925 2775 1052 2855 nultus,
1113 2821 1120 2826 -

198 2873 356 2938 Constitit
381 2872 420 2936 ad
447 2872 623 2938 thalamum
650 2878 808 2958 visusque
835 2872 917 2938 haec
940 2892 1019 2936 voce
1044 2892 1194 2938 monere:

295 3070 388 3134 Tune
414 3073 510 3134 etiam
540 3075 636 3157 segni
664 3069 830 3137 resolutus
856 3069 1002 3136 membra
1027 3089 1147 3152 sopore

198 3165 319 3232 Stertis
346 3173 435 3232 iners
462 3165 659 3252 Christoque
685 3189 828 3249 ornnem,
855 3168 1037 3247 malesane,
1063 3174 1234 3254 perempto

199 3263 381 3350 Discipulis
407 3284 499 3349 spem
525 3264 688 3351 perculsis
710 3272 865 3352 viresque
890 3266 1026 3330 nocendi

198 3359 358 3426 lnfractcs
385 3361 545 3426 cecidisse
569 3367 693 3449 putus?
720 3364 850 3430 rediere
877 3363 1004 3428 silentis

196 3458 335 3524 Defensi
362 3459 506 3523 tenebris
534 3468 656 3540 noctis,
684 3482 866 3547 nomenque
892 3466 1041 3547 magistri

196 3557 385 3623 Extinctum
412 3557 524 3621 infami
551 3557 759 3647 indignantes
787 3560 920 3639 luttere,
947 3559 1101 3624 honorem

198 3654 367 3739 lmpietate
394 3660 446 3739 pie
474 3676 639 3720 renovare
664 3677 813 3742 ausuque
840 3655 1049 3742 sepulchrum

199 3749 374 3840 Sacrilego
400 3751 525 3839 violare
552 3762 669 3836 parant
692 3761 725 3818 et
750 3776 888 3841 corpore
914 3762 1008 3840 rapto

198 3845 393 3914 Mendacem
419 3850 563 3916 domitae
586 3856 704 3919 mortis
731 3851 923 3940 dispergere
946 3854 1080 3924 famam..

198 3943 276 4028 lpse
304 3947 363 4010 tihi
389 3967 407 4012 e
435 3970 560 4014 summo
587 3969 743 4034 superum
768 3971 819 4016 me
846 3951 971 4016 fornice
999 3958 1106 4014 rector

198 4041 290 4108 llaec
317 4043 444 4110 celeres
468 4045 573 4129 jussit
600 4046 749 4113 mandatu
775 4047 899 4114 referre
926 4067 984 4132 per
1009 4065 1117 4110 auras.

121 4219 133 4234 ,
200 4137 310 4227 Surge
337 4162 401 4229 age
425 4151 460 4208 et
487 4143 630 4210 infandis
655 4144 795 4210 medium
818 4155 851 4210 te
878 4141 1027 4226 interjicc
1053 4145 1193 4304 eaepgs.
