3056 4758
152 231 225 300 340

663 225 905 282 ΕΗΒΙΘΤΙΑΒΟὸ

128 464 131 467 .
240 411 282 476 Et
308 419 578 500 septemgemiais
604 419 690 478 seori
714 419 900 498 spiraminis
926 421 1041 479 auctos

237 508 449 592 Muneribus,
477 532 632 596 superum
659 518 731 600 regi
758 512 959 600 despondet,
984 517 1087 577 amori

237 606 440 695 Marsaeque
468 617 502 675 et
526 609 669 674 thalamo
695 618 730 674 et
755 617 860 675 castis
884 609 1086 694 amplexibus
1113 613 1213 694 aptat.

237 707 365 772 Felices
393 709 542 772 nimium!
570 708 668 771 celeri
696 727 779 791 quos
807 708 904 770 obvia
928 708 1002 772 fato

238 804 333 870 Mors
359 804 494 870 tumulis
520 802 659 868 claudet.
713 803 819 866 Purus
844 803 1052 890 scelerisque
1077 803 1230 887 dolique,

147 895 152 900 ’
238 904 384 987 Corpore
410 903 581 987 deposito,
608 898 726 963 dotalis
751 907 844 987 regia
870 901 954 965 coeli

237 1000 367 1083 Accipit
392 1006 560 1063 aeternum
587 1017 807 1084 superumque
833 998 954 1064 attollit
980 999 1115 1062 bonore.

336 1193 379 1256 At
404 1198 554 1278 quoniam
580 1214 703 1277 paucos
729 1214 817 1257 mors
844 1201 1028 1281 opportuna
1055 1198 1185 1256 renatos

236 1293 315 1356 Tam
344 1289 446 1356 celeri
472 1311 627 1356 mucrone
654 1293 749 1373 ferit,
778 1291 956 1376 pluresque
981 1295 1109 1375 potenti

237 1387 384 1452 Flumine
407 1387 538 1452 lustrati
563 1396 641 1466 (ceu
667 1388 826 1473 quondam
853 1387 1184 1471 Hebraea'jurentus

235 1487 299 1550 Per
323 1485 405 1550 vada
430 1493 586 1573 suspensi
613 1489 745 1574 lugiens
773 1486 882 1552 divisa
905 1485 1072 1570 profundi,

236 1584 321 1648 Ante
349 1585 544 1648 Paretoniae
569 1605 628 1669 per
654 1587 821 1668 inhospita
845 1586 942 1650 deria
967 1583 1076 1649 Eremi

234 1683 385 1769 ingratas
411 1690 542 1745 traxere
568 1703 695 1764 moras,
722 1699 815 1765 quam
837 1688 944 1768 patria
970 1703 1048 1746 rura

233 1779 275 1843 Et
300 1785 434 1866 proavis
460 1778 553 1844 licuit
579 1784 741 1866 promissa
766 1787 930 1868 attingere
956 1783 1077 1866 regna]

234 1875 411 1942 Difficilem
435 1884 549 1940 contra
577 1876 712 1940 Veneris
738 1877 913 1963 mundique
938 1879 1099 1942 trabeatis

232 1974 411 2039 lllecebras
437 1993 594 2061 pugnam,
625 1973 691 2038 dite
718 1975 908 2055 infestante,
937 1981 1131 2059 capessent,

233 2072 366 2136 Viribus
392 2072 446 2136 bic
472 2083 555 2156 opus
579 2081 647 2152 est,
675 2093 757 2156 opus
781 2073 994 2139 auxiliaribus
1021 2077 1118 2136 armis

233 2169 486 2256 Audendumque
513 2175 637 2235 animis.
691 2169 824 2234 Animos
850 2178 947 2256 atque
974 2191 1064 2234 arma
1088 2174 1251 2233 ministrat

232 2268 376 2351 Spiritus
404 2272 608 2350 omnipotens
635 2276 668 2332 et
694 2274 825 2332 tinctam
854 2269 1037 2332 chrismate
1063 2268 1201 2332 frontem

231 2359 386 2448 Imposita
410 2364 487 2428 fidei
514 2369 658 2428 victricis
685 2365 813 2428 casside
839 2371 950 2428 munit.

233 2460 389 2525 Aetherei
415 2461 554 2524 flammis
581 2469 698 2547 pectus
725 2461 902 2526 circumdat
927 2467 1059 2528 arnoris.
1091 2523 1092 2531 ,

231 2558 338 2621 Divini
365 2558 453 2620 verbi
481 2556 608 2644 gladio,
635 2578 729 2642 quem
756 2556 844 2650 mqlla
871 2559 1023 2623 Baratbrl

231 2654 395 2719 Vibratum
423 2675 483 2719 sen
509 2659 561 2718 vis
586 2675 647 2720 seu
671 2655 763 2719 ilaus
786 2656 920 2720 eludere
947 2663 1072 2740 possit,

230 2751 347 2816 Militis
375 2752 511 2816 armabit
537 2752 681 2818 dextram
706 2751 919 2840 clypeumque
945 2759 1101 2818 sinistrae

230 2850 418 2916 Crescentis
444 2871 504 2934 per
529 2852 648 2916 acerba
674 2857 745 2938 spel
771 2854 963 2932 insertabit,
991 2851 1111 2916 Averni

230 2947 347 3013 Omnia
373 2948 539 3031 pulsurum
566 2959 655 3014 retro
682 2948 767 3029 tela,
796 2967 893 3013 noum
918 2955 1026 3012 omnia
1052 2958 1166 3013 contra

229 3045 378 3131 Cypridis
405 3053 438 3109 et
464 3046 549 3110 Pluti
575 3045 706 3110 fallacis
733 3046 858 3130 spicula
884 3053 995 3110 contra

228 3141 457 3228 Fortunaeque
483 3149 574 3208 vices
601 3163 787 3228 saevaeque
813 3144 991 3229 tyrannidis
1016 3163 1114 3206 arma.
1225 3181 1228 3190 =

324 3337 420 3401 Nunc
446 3359 527 3426 age,
555 3359 651 3423 quam
675 3339 868 3406 Cflarsrns
895 3343 1067 3426 generosis
1094 3335 1217 3400 sufficit
1243 3351 1354 3396 escam

227 3430 409 3516 Militibus,
437 3457 500 3520 quo
529 3435 706 3518 frumento,
734 3457 797 3521 quo
826 3445 956 3500 nectare
982 3443 1096 3521 pascat

228 3528 393 3616 Egregiae
420 3537 544 3595 animas
571 3541 735 3618 (quamvis
761 3555 854 3598 mens
882 3533 970 3598 rrrrlla
996 3530 1175 3617 stupendae

180 3667 186 3673 -
228 3625 397 3690 Volvendo
422 3638 596 3710 penetrare
624 3641 723 3715 queat
748 3638 904 3715 mysteria
928 3639 1077 3710 mensae)

228 3725 303 3789 Oua
329 3732 434 3788 tamen
462 3729 607 3790 immensi
636 3729 687 3791 fas
713 3735 846 3810 primum
875 3736 1041 3814 stringere
1067 3727 1158 3791 littus

228 3821 370 3907 Oceani,
398 3822 538 3886 referam
565 3823 736 3908 divinaque
763 3825 889 3891 fercula
915 3824 1061 3910 pandam.

325 4015 399 4081 Stat
426 4015 614 4081 Gabaonaei
641 4016 758 4080 subter
784 4016 923 4104 lastigie
950 4015 1044 4081 collis

229 4110 327 4197 Celsa
349 4112 484 4198 domus,
513 4114 647 4200 Lybicis
673 4111 847 4198 splendeat
871 4115 1005 4181 suffulta
1030 4113 1191 4210 columbis
