3082 4746
124 215 262 268 Μ
661 211 770 266 utenti
795 211 854 269 vil.

212 399 241 463 0
269 400 392 464 utinam
417 395 589 483 abreptum
615 417 688 464 cum
715 402 802 463 votis
830 417 881 464 me
905 419 1036 484 quoque
1061 402 1158 468 iidem

211 495 401 580 Extorrem‚
428 496 622 582 profugum,
649 501 732 562 vasti
760 503 850 560 tram
876 493 989 562 ultima
1013 498 1121 563 mundi

212 592 389 680 Aequora,
417 600 608 660 inaccessos
633 593 755 660 homiui
783 592 912 679 solique
937 615 1095 674 recessus
1136 649 1139 656 .

210 690 435 775 Praecipiteut
459 692 569 757 veutil
599 691 741 757 sceleris
767 709 831 778 quo
856 690 946 756 nulla
968 701 1129 780 sequatur

213 789 352 854 Conscia
376 788 464 854 lama
489 795 562 854 mei.
615 789 700 856 Sera
725 790 808 871 heu,
836 807 912 863 sera
936 795 1003 854 ista
1028 791 1146 880 cupido

212 887 345 954 Infelix!
372 896 448 952 tuno
471 886 553 952 baec
579 893 685 954 minuo
713 902 848 953 versare
874 886 1029 970 decebat,

212 985 290 1050 Cum
315 993 463 1052 mentem
479 983 563 1052 lucri
588 992 665 1050 sitis
691 984 903 1074 expugnabat
928 1007 1076 1071 avaram,

211 1084 290 1149 Cum
316 1103 368 1149 me
395 1071 502 1148 divina
526 1091 726 1169 prostratum
751 1103 834 1148 voce
859 1088 1018 1170 magister

212 1180 280 1246 Sub
307 1180 453 1261 facinus,
480 1185 559 1244 mira
587 1186 617 1244 iu
646 1180 764 1248 melius
789 1186 914 1268 pietate
938 1182 1102 1247 trahebat.
1228 1200 1236 1212 ·

210 1278 301 1344 llaec
326 1286 433 1344 animo
459 1277 613 1360 volvens,
639 1279 782 1344 stimulis
809 1279 861 1342 his
886 1285 1052 1362 percitus,
1078 1280 1143 1346 alta

210 1374 300 1441 Voce
326 1377 522 1442 recedentes
545 1375 689 1462 Caiphae
714 1377 757 1442 de
777 1377 890 1442 limine
913 1377 1042 1443 scribas

209 1474 399 1562 Insequitur
429 1473 623 1560 damnatque
649 1476 743 1541 nefas
766 1475 935 1562 pulsuque
956 1475 1096 1560 pudure:

316 1669 392 1735 uuo
418 1670 548 1734 trahitis
568 1669 695 1755 justum
720 1669 899 1736 crudeles?
926 1671 990 1736 beu
1016 1669 1134 1756 quibus
1160 1668 1219 1736 tile

210 1768 392 1833 Damnatus
418 1768 531 1834 iuriis!
557 1789 621 1854 quo
649 1773 787 1835 crimine
809 1767 975 1854 proditus!
1006 1767 1073 1832 illis
1142 1815 1145 1825 .

210 1864 269 1931 Me
295 1870 408 1950 potius
425 1887 483 1931 -me
510 1869 601 1949 (uum
626 1867 915 1953 merui).religate
941 1872 1079 1932 catenis.

211 1961 241 2025 0
267 1965 441 2045 proceres!
468 1971 615 2048 quamvis
640 1965 770 2028 subitos
796 1972 954 2046 stupuere
980 1961 1148 2048 loquentis

213 2056 264 2121 Ad
290 2063 437 2142 gemitus
461 2068 593 2142 patres,
619 2059 742 2141 etjam
768 2057 879 2124 scelus
906 2079 999 2124 omne
1024 2067 1169 2142 pateret,
1218 2071 1221 2078 '

212 2153 289 2218 Nun
315 2159 421 2218 tamen
447 2154 586 2219 infandis
613 2161 784 2241 quisquam
810 2156 973 2219 desistere
995 2161 1137 2238 coeptis,

213 2249 280 2316 Sed
306 2259 400 2316 torvo
427 2257 582 2320 miserum
608 2252 701 2318 vultu
729 2253 933 2336 absterrere,
960 2259 1143 2339 gementem

211 2348 370 2430 lrridere,
399 2358 519 2414 metum
544 2349 752 2417 mordacibus
780 2351 899 2416 addere
925 2349 1034 2415 dictis.

318 2542 405 2609 auid
426 2551 501 2622 tua,
524 2546 604 2632 rprid
629 2548 727 2612 nobis
753 2553 867 2612 insane
893 2543 1024 2630 piacula
1049 2545 1190 2631 prodis?

211 2640 247 2705 Si
271 2639 357 2706 male
380 2641 586 2724 vendideris,
613 2644 752 2710 sceleris
777 2653 812 2709 te
836 2645 934 2731 digua
960 2651 1118 2729 sequatur

210 2737 275 2802 Per
301 2759 362 2802 nus
389 2757 496 2822 poena
519 2740 620 2825 liaet3
646 2761 753 2826 neque
779 2748 863 2806 euim
889 2761 949 2805 uos
975 2745 1263 2828 sanguiniseurpti
1307 2765 1310 2773 ·
1359 2773 1365 2788 ·

211 2836 352 2901 Conscia
374 2855 466 2900 mens
491 2842 615 2923 agitat,
646 2843 756 2922 pietas
781 2857 878 2922 quem
902 2844 1009 2902 suasit
1034 2838 1213 2904 emendum.

316 3028 375 3094 Sic
399 3029 475 3112 fati,
501 3030 643 3094 Ausonii
670 3049 747 3118 pars
773 3040 865 3097 recta
885 3030 1007 3116 judicia
1033 3030 1156 3113 aulam,

211 3128 294 3192 Pars
320 3127 441 3209 (iuvita
466 3131 592 3204 tamen)
617 3126 705 3194 festu
731 3138 890 3216 cogente,
917 3149 1034 3194 cruore

208 3224 409 3311 Lanigerum
436 3245 550 3310 pacem
574 3223 684 3290 divum
709 3233 884 3316 magnique
910 3232 1062 3314 parentis

210 3319 348 3387 Scilicet
373 3327 547 3388 emeritum
571 3329 708 3406 animis,
729 3324 798 3409 jam
824 3330 985 3411 sanguiue
1012 3330 1079 3389 uati

211 3417 370 3500 Pollutls,
398 3418 516 3486 festam
543 3430 698 3506 properat
724 3421 912 3488 Salomonis
939 3420 979 3486 ad
1004 3421 1132 3488 aedem.

208 3515 279 3580 llus
301 3523 403 3582 miser
428 3523 629 3601 insequitur,
661 3519 816 3605 gradibus
842 3523 1015 3606 surgentia
1035 3520 1162 3586 scandit

210 3613 337 3678 Limina
360 3613 514 3682 vestibuli
539 3619 569 3682 iu
597 3617 735 3683 medium
761 3616 973 3682 memorabile
994 3615 1100 3700 jactat

208 3710 346 3777 lufausti
373 3711 511 3778 sceleris
536 3719 684 3800 pretium.
736 3712 891 3797 Prnjeuta
916 3714 1093 3797 sacerdus,

208 3809 333 3876 Nescia
358 3815 434 3896 quis
459 3811 580 3896 pupulo
605 3817 756 3894 mirante,
783 3817 978 3878 numismata
1004 3812 1113 3880 laetus

208 3908 369 3991 Corripit3
394 3915 428 3974 et
452 3928 622 3994 proceres,
648 3909 750 3976 stulta
775 3916 898 3995 pietate
924 3915 1051 3978 cruoris

207 4001 398 4070 Mercedem
425 4011 535 4088 veriti,
561 4027 678 4074 sacrae
704 4013 908 4076 committere
933 4027 1039 4095 gance

209 4101 370 4166 Continuo
396 4109 570 4188 expansis,
596 4129 617 4170 o
642 4126 741 4190 puros
769 4106 930 4173 criminis!
955 4125 1070 4191 agruim
