3082 4748
137 221 271 274 sne-tte
679 209 788 268 mesu
811 215 858 270 Vl.

221 404 416 486 Exundans,
440 402 556 468 faciem
583 397 701 468 calidis
727 409 762 466 et
786 405 921 485 pectem
947 407 1027 468 nivis
1096 441 1099 450 ·

221 501 402 588 irrigat'et
426 506 528 564 tanta¹
543 495 656 566 reficit
682 497 852 562 dulcedine
878 504 1034 582 mentem,

221 598 266 663 Ut
286 620 348 664 nec
374 597 520 664 Threicii
547 601 633 662 vatis
661 596 832 682 sylvisque
859 595 1008 682 ferisque

222 695 393 762 intellecta
418 694 554 782 chelys,
582 694 717 780 Diuque
744 693 857 758 audita
880 713 1020 776 severo,

222 791 295 859 Nec
320 793 448 858 levibus
476 802 594 859 noctes
621 793 753 857 choreis
777 798 920 878 vinoque
945 789 1117 875 sepultae,

218 889 431 977 Deliciacque
457 911 591 971 omnes,
621 911 703 975 quas
729 893 884 956 insatiata
909 888 1009 961 libido
1116 909 1119 916 ·

219 989 383 1073 Portant,
409 996 590 1074 aequarent
610 985 746 1071 jucundi
772 986 895 1074 gaudia
919 986 1041 1058 luctus.

314 1183 404 1270 Ergo
429 1181 484 1248 ubi
505 1178 575 1263 jam
599 1188 688 1264 tota,
715 1199 811 1266 quam
838 1179 939 1269 longa
965 1189 1034 1264 est,
1062 1184 1159 1244 noete
1185 1176 1302 1262 pudori

217 1279 372 1345 Solverat
398 1283 522 1344 amisso
546 1277 725 1364 lacrymas,
752 1299 823 1343 eum
850 1285 955 1364 prima
979 1279 1137 1345 nubentes

216 1377 389 1444 Extulcrat
415 1375 507 1442 caelo
533 1376 631 1464 bigas
656 1376 801 1457 Aurora,
829 1377 926 1442 cubili

215 1475 366 1540 Membra
392 1475 498 1560 levat3
525 1495 588 1539 non
614 1495 694 1538 auro
717 1475 771 1551 (ut
795 1473 935 1558 pridem)
963 1482 1121 1561 ostroque
1146 1469 1311 1557 superbos

215 1571 350 1637 Solicitc
377 1576 553 1658 exquirens
580 1571 706 1654 cultus,
734 1591 796 1636 non
822 1569 952 1636 aernula
974 1569 1085 1637 stellis

214 1670 598 1734 Marmoreoinneetens
624 1676 805 1756 aptausque
829 1667 965 1733 monilia
988 1664 1096 1751 collo,

214 1767 289 1831 Non
316 1777 463 1851 comptos
489 1767 620 1852 myrrha
643 1772 772 1850 crines,
800 1774 860 1831 aut
879 1771 1013 1853 pinguis
1036 1763 1153 1832 amomi
1245 1807 1249 1818 .
1309 1767 1313 1779 '

213 1864 366 1930 lnfioiens
392 1869 514 1932 succis¹
529 1883 670 1928 auresve
696 1883 836 1927 onerare
861 1884 1043 1953 manusque
1109 1905 1115 1913 ·

213 1960 294 2024 Eois
319 1968 478 2046 satagens
505 1959 609 2025 stulta
630 1961 809 2024 ambitione
835 1958 970 2044 lapillis.
1016 1981 1019 2016 ;
1073 2001 1076 2014 ·

214 2054 374 2141 Neglecti
398 2053 539 2138 pendent
564 2055 711 2119 humeris
736 2061 809 2118 sine
835 2053 916 2140 lege
942 2055 1072 2137 capilli,

214 2151 367 2239 Ingratae
384 2149 526 2214 sordent
550 2147 628 2213 olim
654 2154 843 2235 gratissima
868 2149 992 2213 formae
1069 2201 1070 2206 ,

214 2248 388 2330 ludibria,
414 2255 448 2312 et
475 2245 608 2312 mendax
634 2246 761 2330 speculi
787 2251 882 2311 nitor.
934 2245 1052 2310 Omnia
1077 2245 1175 2310 luxus
1308 2290 1314 2302 .

213 2345 429 2410 Instrumenta
456 2343 523 2408 odit
545 2343 737 2409 melioribus
764 2349 863 2410 incita
885 2344 1058 2426 flammis,.

213 2443 407 2527 Scriniaque
430 2441 604 2523 evolvens,
625 2441 789 2526 llryeinae
815 2439 978 2506 mercibus
1004 2448 1098 2526 apia,

212 2540 370 2604 Lascivae
399 2540 510 2622 (caeci
536 2536 662 2604 tur-uva
688 2538 855 2624 Cupidinis
881 2543 986 2616 arma)

212 2637 365 2702 Extrahit
390 2637 563 2724 indignans
590 2657 686 2701 ceres
712 2634 871 2722 lenesque
896 2637 1031 2721 pudoris

213 2733 361 2820 Virginei
389 2732 536 2816 tabulas,
565 2731 723 2816 deceptae
745 2754 845 2819 poma
869 2734 1050 2820 Cydippae,

213 2831 374 2916 Quaeque
399 2833 587 2894 intertextis
613 2827 770 2912 quondam
796 2829 990 2893 munuscula
1015 2831 1144 2916 fingens
1220 2882 1223 2892 .

213 2928 381 3011 Crinibus,
408 2932 543 2992 insanos
564 2923 705 3008 juvenes
723 2931 877 2990 'vinctura
903 2926 1090 3010 parabat„

212 3026 372 3112 (tuaeque
399 3030 552 3089 intonsus
577 3021 680 3108 Hylae
706 3029 769 3087 aut.
787 3016 1014 3109 praetextatus
1040 3021 1168 3086 Adonis

212 3121 356 3187 Plurima
381 3122 589 3191 contulerant
614 3121 762 3186 dominae
788 3121 891 3205 duaa,
918 3125 1027 3186 orunia
1048 3119 1190 3183 flammis

212 3219 382 3300 Devovet,
409 3225 440 3282 iu
466 3221 568 3284 ferias
593 3218 688 3282 laeso
715 3223 857 3284 missurn
880 3217 1006 3303 pudori.
1100 3268 1103 3276 .
1133 3243 1136 3250 ⁴
1208 3241 1211 3251 ·

211 3313 322 3400 Atque
350 3315 432 3380 alias
459 3321 557 3381 tacito
579 3320 717 3381 versans
737 3317 803 3394 sub
830 3323 964 3399 pectore
988 3335 1101 3394 curas,

211 3413 368 3479 Protinus
393 3419 516 3478 accitos
541 3412 683 3478 famulos
709 3432 887 3497 properare
913 3413 1109 3498 tuorumque
1215 3464 1219 3474 .
1293 3465 1298 3474 .

210 3507 388 3597 vestigare
408 3511 521 3597 jubet,
548 3509 661 3575 felicia
685 3529 848 3596 quaerere
873 3518 964 3575 tecta
1152 3515 1155 3522 ’

210 3606 358 3693 Hospitis
382 3610 534 3675 aetherei
560 3607 711 3673 aceubitu
736 3605 877 3693 dignata.
928 3606 1075 3670 Ministri

210 3701 422 3788 Accelercnt,
447 3705 560 3770 urbem
586 3703 763 3788 explorant.
781 3704 993 3790 reieeuntque
1019 3702 1163 3770 Simonis
1268 3742 1271 3754 ·

211 3801 286 3878 (Cui
313 3802 498 3868 detestatae
524 3808 697 3887 inserpens
723 3807 876 3890 contagto
902 3801 1016 3888 leprae

209 3897 372 3983 Turpihus
397 3901 570 3965 horrentes
595 3897 733 3964 maculis
759 3900 917 3966 iniecerat
940 3905 1052 3979 artus)

209 3991 358 4059 Evictum
384 3999 541 4082 precibus
566 4002 679 4064 stratis
705 3997 899 4068 accumbere
925 4001 1058 4066 mensis.
1169 4019 1172 4026 ¹

209 4089 271 4156 llla
295 4111 407 4158 morae
431 4099 603 4180 impatiens
628 4095 801 4182 studioque
827 4115 967 4162 accensa
993 4087 1139 4170 videndi,
