3082 4746
661 201 904 260 CHRlSfflDOS

236 391 309 458 lllio
333 395 481 458 victricis
505 389 576 456 tela
602 389 796 472 immortalia
821 395 947 456 turmae

236 490 279 555 Et
305 487 411 576 clypei
435 488 595 576 pendent,
625 493 720 575 queis
748 486 897 554 contudit
920 487 1134 571 impiallltis
1170 485 1173 494 ⁴
1288 511 1291 518 ’

239 587 376 676 Agmina
401 587 544 652 bellator
569 584 715 652 Miebadl
740 594 775 652 et
798 585 896 671 pulsa
919 589 1073 670 supernis

236 685 378 751 Areibus
405 693 558 750 aeternos
584 684 681 749 Erebi
708 682 849 749 detrusit
873 687 905 746 in
932 688 1038 770 ignes.

237 785 336 849 Parte
363 781 429 847 alia
453 788 577 867 primae
602 780 768 867 pendebat
789 779 904 845 flebile
931 779 1048 866 eulpae

235 879 513 968 chirographum,
540 886 574 942 et
593 877 689 961 juxta
711 878 889 943 reserando
906 877 1021 944 olenio
1047 877 1187 967 Olympo
1277 887 1280 892 '

236 978 320 1044 Ante
346 977 436 1042 orbis
459 976 546 1063 lapsi
573 975 697 1040 cladem
723 975 922 1062 fabrefacta3
949 975 1011 1041 sed
1032 982 1107 1041 aevi

234 1076 344 1163 Atque
369 1077 532 1140 hominum
556 1079 647 1140 vitiis
673 1073 858 1162 neglectam
885 1094 1012 1162 aerugo
1038 1075 1219 1161 premebat.

234 1174 357 1239 Verum
382 1171 436 1236 ubi
461 1171 593 1238 siderea
618 1171 742 1236 elamor
766 1173 937 1237 morientis¹
963 1177 995 1236 in
1021 1191 1099 1236 aree

233 1271 393 1352 Auditus,
418 1290 531 1355 paoem
557 1269 651 1334 coelo
677 1275 844 1355 terrisque
871 1269 1019 1352 reduxit,

234 1368 493 1456 chirographum
518 1368 694 1432 infaustum
721 1372 838 1432 vlotrix
863 1367 1044 1432 clementia
1070 1367 1184 1434 dextra
1347 1449 1353 1458 ,

234 1467 445 1550 corripiens,
471 1465 594 1550 rapidis
622 1465 793 1532 despondit
818 1464 859 1529 ab
885 1465 1022 1530 aethere
1048 1471 1164 1551 pennis
1252 1487 1257 1519 ·.

233 1564 414 1649 Affinitque
440 1568 529 1628 oruei
555 1563 746 1650 Christique
769 1567 802 1626 in
826 1567 993 1650 sanguine
1010 1567 1122 1646 tinxit,

234 1663 395 1728 Continuo
422 1668 576 1726 aeternae
602 1667 765 1744 seriptum·
786 1658 996 1745 lacrymabile
1020 1666 1137 1726 mortis

234 1759 383 1825 Solvitur
408 1765 441 1823 et
466 1762 717 1844 septemgemini
743 1758 894 1841 disrupta
919 1756 1023 1843 sigilli
1135 1807 1139 1812 .

233 1857 374 1922 Vincula
399 1855 577 1922 dissiliunt.
629 1856 757 1920 Chorus
782 1861 911 1921 interea
935 1862 1038 1922 omnia
1063 1851 1196 1941 Olympi

233 1954 397 2021 Occlusae
423 1973 577 2038 superum
604 1961 736 2040 portas,
761 1953 852 2020 facto
878 1959 1026 2040 agmine,
1054 1953 1204 2039 pandent.

233 2053 313 2118 Mox
340 2056 489 2138 geminas
515 2052 598 2118 ooeli
624 2051 756 2135 claves,
781 2055 941 2138 aerugine
966 2058 1076 2135 tersa,

233 2148 360 2236 Arripit
384 2149 469 2214 alma
493 2148 613 2237 Fides3
639 2157 737 2234 atque
766 2148 980 2214 irrevocabile
1006 2150 1109 2216 Petro
1197 2193 1199 2196 -

234 2247 276 2312 Et
302 2255 432 2332 patrum
458 2248 607 2334 patribus
633 2268 749 2313 munus
775 2247 958 2312 laetissima
983 2257 1114 2328 servat,

234 2345 330 2410 (tuos
355 2345 433 2408 fidei
460 2344 622 2408 haeredes
648 2350 683 2406 et
707 2343 816 2427 sedis,
844 2342 998 2430 praesule
1023 2343 1105 2409 felix
1152 2373 1154 2384 ‚

235 2442 341 2507 Roma
365 2443 488 2524 Petro,
514 2439 702 2527 Christique
727 2447 834 2506 saeris
861 2440 1005 2505 imbutus
1029 2444 1061 2504 in
1088 2463 1200 2526 omne,

236 2539 335 2604 (laod
358 2544 514 2622 superest
539 2542 615 2603 aevi
640 2543 798 2622 spatium,
824 2539 1036 2604 venerabitur
1062 2541 1163 2606 orbis.

331 2731 473 2817 Jamque
499 2731 679 2818 pharetrati
706 2731 797 2798 vitali
824 2739 855 2798 in
880 2734 1013 2800 flumine
1037 2754 1167 2802 amores

235 2828 317 2895 Tela
342 2837 461 2894 novant
485 2837 684 2916 versantque
709 2836 781 2896 suis
806 2831 878 2898 fera
902 2833 1003 2898 eorda
1025 2837 1170 2920 sagittis.
1201 2857 1204 2866 ·
1240 2891 1242 2894 .

235 2927 419 3014 Praecipue
445 2929 560 3014 rapido
585 2930 733 2994 confisus
760 2935 889 2994 viseera
914 2929 980 2995 telo

234 3026 385 3110 Exarsit,
412 3025 530 3092 dextra
551 3046 736 3111 suspensus
761 3025 802 3092 ab
829 3027 949 3092 arbore
975 3027 1081 3112 latro3

235 3123 329 3191 Hono
354 3129 440 3188 omni
467 3145 487 3187 a
511 3122 608 3188 turba
632 3123 793 3189 selectum
819 3123 955 3207 cuspide
983 3132 1074 3190 oerta
1221 3187 1225 3190 .

234 3223 321 3288 Fixit
348 3243 455 3303 amor,
483 3226 586 3286 eastis
613 3229 788 3305 penetrans
815 3221 1008 3305 pnaeoordia
1030 3221 1198 3288 tlunnnis.¹

235 3320 331 3385 Nune
357 3341 439 3407 age,
465 3338 532 3404 qua
556 3322 660 3382 saneti
685 3315 845 3383 eoelestia
861 3316 1006 3384 *vulnera
1031 3321 1155 3384 amoris
1280 3349 1282 3356 v

234 3419 422 3482 Promernit
448 3415 633 3500 claramque
658 3433 790 3497 ueoem,
817 3414 939 3498 dicam,
966 3423 1103 3502 aorpiee
1129 3416 1240 3498 coelo,
1309 3457 1310 3460 =

236 3516 351 3579 Dicam
378 3512 550 3595 equidem,
577 3531 637 3578 neo
663 3519 695 3575 te
720 3514 856 3578 taoitum
880 3535 954 3580 mea
977 3535 1073 3582 musa
1096 3513 1278 3600 relinquet,

234 3611 294 3674 (lui
319 3612 458 3692 primum
480 3606 582 3674 radiis
607 3605 693 3672 coeli
721 3605 899 3692 majoribus
923 3619 1020 3678 aneto
1078 3665 1081 3672 .
1154 3664 1157 3672 .

233 3707 347 3771 Aurea
372 3701 534 3776 vulnificis
559 3705 741 3772 redimitum
767 3714 918 3795 tempora
943 3714 1068 3794 spinis,

234 3804 465 3888 Funestaeque
492 3801 575 3867 trabi
601 3803 756 3871 suffixum
782 3827 966 3894 agnosoere
993 3827 1107 3895 regom
1205 3839 1208 3846 ·

234 3902 451 3991 'terrigenum
479 3920 700 3989 superumque
725 3902 836 3970 datum
862 3913 925 3969 est.
964 3902 1039 3968 Non
1063 3912 1097 3971 te
1123 3904 1259 3972 horrida
1284 3908 1388 3969 trunti

235 3999 379 4087 Derepit
403 3998 525 4081 facies,
552 4020 610 4066 nec
635 4021 724 4068 mors
750 4001 883 4090 indigna
908 4001 1038 4070 fefellit.
1156 4056 1159 4065 .
