3082 4748
668 263 912 318 cuuisninoos
1289 263 1431 317 dii-0⁵2

243 448 424 516 Affulsisse
451 450 523 515 urbi
550 454 622 515 visa
646 460 709 515 est.
763 452 846 517 (luis
873 455 955 514 euim
983 449 1077 515 locos
1102 469 1237 535 usquam

243 548 423 629 Laetitiae,
448 547 577 614 blandis
603 571 674 614 cnm
700 549 862 614 subdolus
886 553 953 612 iste
978 553 1112 612 venenis

244 647 396 711 locantes
424 647 571 712 traheret
596 655 739 727 mentes,
765 645 940 729 Ereboque
963 645 1115 728 favente,

244 743 410 831 Prodigiis
437 764 571 808 caecum
595 752 729 828 raperet
753 763 814 825 per
838 740 935 805 devio
959 742 1090 831 vulgos.

244 840 310 906 Sed
337 838 455 907 vindex
481 840 610 905 tandem
636 846 701 904 ista
725 840 834 920 Deus,
862 846 1053 928 patriaeque
1080 841 1229 908 cadentis

243 939 384 1025 Aspexit
410 921 572 1024 gemitos3
597 936 779 1022 templique
804 942 957 1002 misertus
984 948 1019 1004 et
1045 938 1153 1020 urhis,

243 1035 450 1122 Sacrilegum
477 1033 605 1098 insidiis
631 1032 786 1099 felicibus
811 1033 923 1120 objicit
949 1036 1098 1122 hostem3

244 1133 356 1198 ssnare
382 1135 489 1218 agite,
515 1140 549 1195 ct
574 1129 690 1216 dignas
711 1130 781 1216 jam
800 1129 933 1197 'totidem
958 1131 1082 1199 sumite
1104 1155 1239 1219 poenas.

243 1229 347 1295 Unum
372 1250 432 1314 pro
459 1228 571 1294 multis
597 1227 692 1295 detur
717 1238 826 1316 ceput.

340 1423 401 1489 His
427 1424 571 1512 Caiphae
598 1426 695 1491 dictis
721 1429 862 1508 incensi,
889 1425 1025 1510 plurima
1048 1430 1161 1491 vincto

243 1521 385 1587 Crimine
410 1529 558 1588 certatim
585 1523 759 1608 objiciunt:
787 1523 846 1588 sed
871 1528 982 1589 inania
1007 1533 1143 1590 currunt

243 1620 366 1686 Verbo:
393 1640 454 1684 nec
479 1627 642 1686 insontem
668 1621 799 1686 laedunt
824 1622 991 1685 mendacia
1016 1622 1239 1692 CHRISTUM.

242 1719 328 1783 Ecce
355 1724 462 1782 autem
489 1725 611 1806 gemini
639 1718 692 1783 vel
719 1723 826 1801 stirpe
853 1717 903 1783 vel
930 1718 1039 1784 indole
1063 1720 1200 1804 iratres,

242 1814 392 1880 Mendeci
417 1815 457 1880 de
485 1824 584 1903 gente
611 1837 728 1881 senum
754 1821 826 1900 (qui
853 1821 988 1880 crimine
1014 1815 1101 1881 falso

242 1913 381 1998 Eripere
407 1917 549 1978 intactae
575 1919 673 1978 vitum
699 1930 879 1998 nomenque
907 1913 1079 1978 &sannae

242 2010 433 2093 certarunt,
458 2012 588 2077 Venere
614 2018 646 2076 in
671 2011 802 2076 facinus
825 2010 1031 2087 stimulante)
1057 2017 1180 2094 aestio,

242 2107 418 2196 Progressi
445 2115 477 2175 in
503 2110 661 2192 medium,
684 2111 798 2195 jurant
823 2109 969 2174 audiisse
994 2110 1056 2175 sub
1083 2109 1158 2194 lpse

242 2205 425 2272 ductantem
451 2207 593 2293 templo,
620 2229 659 2272 se
683 2215 734 2273 tot
755 2205 915 2274 fabricata
941 2229 1000 2292 per
1025 2227 1129 2272 aornos

244 2300 337 2367 Atria
362 2305 510 2368 funditus
537 2303 747 2385 eversurum,
774 2323 892 2366 eversa
918 2305 1042 2386 potenti

242 2397 332 2461 Voce
353 2403 449 2484 prius
474 2407 720 2478 renovaturum,
748 2419 841 2482 quom
867 2405 962 2464 tertia
987 2400 1087 2464 eloris

243 2494 401 2582 Erigeret
427 2493 519 2558 caelo
544 2502 671 2559 noctem
697 2496 851 2559 Tithonia
877 2495 973 2582 bigis.

241 2591 334 2656 lrrita
361 2598 538 2656 testantum
564 2585 694 2678 rapiunt
719 2591 864 2677 perjuria
890 2599 993 2658 veniit

241 2688 349 2774 Atque
375 2694 567 2771 exspectato
595 2695 701 2754 ceruit
726 2689 812 2758 mala
839 2691 951 2756 fabulo
978 2687 1107 2777 plausu.

242 2785 286 2850 At
312 2785 455 2868 Caiphae
481 2785 566 2850 rnale
589 2793 787 2875 compositas
812 2790 992 2856 succedere
1019 2789 1166 2872 fraudes,

240 2883 396 2968 Vanaque
423 2889 632 2968 conspiciens
658 2891 728 2951 sine
756 2893 805 2970 vi,
833 2893 903 2953 sine
929 2889 1075 2973 pondere
1101 2891 1222 2954 verbo:

239 2979 273 3042 ln
300 2986 419 3044 terram
446 2980 536 3046 vultu
563 2983 670 3048 defixo
697 2985 869 3050 immobilis
896 2988 1020 3050 haeret.

238 3077 416 3142 Terrillcae
443 3078 542 3144 veluti
567 3079 737 3144 stridentia
764 3079 929 3167 Gorgonis
955 3101 1030 3161 ora,

238 3173 449 3262 lutortosqne
474 3181 575 3241 comis
602 3196 728 3262 angues
756 3177 923 3241 Dandeius
950 3179 1051 3242 heros

239 3271 428 3356 0bjiciens,
460 3273 585 3358 rigidos
610 3279 643 3337 iu
671 3293 831 3338 irrarmora
859 3283 1006 3342 verteret
1029 3281 1131 3340 artus.

238 3367 320 3432 Turn
347 3375 396 3434 sic
423 3370 515 3432 affari
542 3369 742 3454 fraudesque
769 3371 822 3435 his
849 3380 980 3438 nectere
1006 3373 1136 3437 verbis:

238 3462 322 3527 Fare
349 3487 430 3552 age,
456 3472 491 3528 et
517 3466 671 3531 obscuris
697 3467 800 3532 lucem
831 3469 872 3535 da
897 3477 1005 3535 vincte
1030 3466 1185 3554 loquelis.

238 3560 297 3624 llle
323 3561 403 3624 nihil
429 3571 551 3627 contra.
604 3561 742 3630 Attoniti
768 3566 955 3654 pallentque
980 3574 1183 3652 stupentque
1288 3611 1291 3618 ·

237 3656 384 3745 Linigeri
410 3679 582 3744 proceres:
611 3661 743 3727 Cereris
769 3671 933 3728 taciturna
961 3669 1125 3752 gementis

238 3753 358 3844 Orgia,
383 3761 626 3842 nocturnosque
652 3767 748 3843 putes
775 3761 942 3825 celebrare
969 3761 1110 3824 furores.

238 3853 430 3918 Pontificem
457 3857 583 3918 interea
608 3865 798 3920 transversa
822 3855 989 3921 tuentibus
1015 3855 1141 3935 hirquis

237 3949 438 4037 Respicere,
464 3959 499 4014 et
523 3971 681 4036 quaenam
709 3971 824 4015 cassos
851 3953 983 4016 fortuna
1005 3949 1138 4031 lohores

236 4044 392 4132 Adjuvet.
444 4048 530 4113 Ante
554 4069 667 4112 omnes
693 4053 820 4112 immani
846 4047 996 4113 turbidus
1023 4055 1117 4111 aestu

237 4142 406 4211 infremuit
430 4147 585 4232 Caiphus:
613 4145 865 4233 indignatusque
891 4152 941 4209 tut
966 4165 1024 4210 ore
