3056 4758
134 253 269 305 nst-stc
669 249 779 304 nisan
802 249 873 307 xla

221 435 385 525 Sacrilegi
410 435 542 502 indietis
567 443 713 504 oneratis
737 443 869 505 crimine
891 439 999 507 faulo

220 533 311 599 llaec
335 534 441 618 fctus,
469 541 565 620 pictis
591 536 752 624 fulgentia
778 536 910 625 cingula
934 535 1033 603 bullis
1051 563 1059 583 ··

219 632 482 718 Pendenteruque
508 635 642 699 humero
668 637 911 718 imperterrltus
931 642 1023 702 exuit
1054 655 1185 721 ensem,

219 730 472 820 Linigerumque
497 741 624 818 patrum
648 731 744 796 turba
766 737 937 819 ringente,
963 741 1126 819 stupentis

220 828 389 894 Praesidio
415 830 618 912 antepedes
644 828 792 915 projecit.
845 830 886 894 lli
911 829 1088 914 hactenus,
1115 841 1238 922 lnquit,

220 926 255 991 Si
285 920 348 1012 qua
371 932 422 992 sui
448 934 501 991 est
524 927 602 991 torti
631 933 747 992 morito
771 926 906 1012 fiducia,
935 929 1029 993 miles

219 1023 292 1089 Non
320 1024 592 1108 contemnendus,
616 1031 673 1090 tua
698 1025 759 1090 sub
785 1025 908 1090 vexilla
934 1027 1111 1112 iidemque,

218 1123 446 1208 Virtutemque
476 1127 681 1208 animumque
710 1127 827 1205 armis,
855 1123 979 1208 Pilato,
1008 1125 1152 1210 probavi.

221 1221 376 1285 Caesaris
402 1224 560 1305 auspiciis
584 1220 682 1301 felix,
707 1239 767 1304 per
791 1220 926 1286 vulnera
952 1227 1049 1286 vitem

219 1317 368 1399 Emerui,
395 1319 536 1383 adverso
563 1337 646 1403 quse
672 1326 806 1406 pectore
834 1317 974 1402 plurima
1001 1320 1122 1386 nullum

218 1415 342 1499 Excepi
366 1423 465 1504 tergo
490 1415 632 1503 fugiens.
684 1413 779 1479 Nunc
802 1421 937 1503 auspice
964 1416 1059 1482 coelo

220 1511 267 1577 Ad
294 1535 377 1577 novo
403 1513 493 1578 bella
516 1514 616 1579 feror.
668 1513 821 1578 Placidoe
848 1515 1061 1600 quodcunque
1088 1525 1245 1584 seneciae

218 1609 409 1676 Addiderint
435 1617 577 1698 spatium
602 1616 733 1695 superi,
761 1611 936 1680 Crinis'ro
965 1612 1065 1695 duce,
1091 1613 1184 1680 coelo

219 1709 385 1774 Devoveo.
435 1708 537 1774 Juvat
563 1717 707 1774 extremo
734 1708 932 1774 sublimine
962 1716 1067 1794 vitae,

216 1806 365 1872 Emerita
389 1807 468 1872 rude
495 1807 665 1887 donatum,
690 1811 837 1872 victricia
862 1827 979 1872 sacrae

217 1903 321 1992 Signa
345 1905 458 1970 subire
483 1909 610 1987 crucis,
638 1905 813 1974 (inlusio
841 1925 989 1992 pugnare
1014 1927 1197 1992 novamque

216 2000 400 2066 Fraudibus
427 2003 563 2084 inferni,
587 2008 679 2068 vitiis
706 2006 865 2086 mortique
891 2003 1035 2089 mihique

215 2098 391 2164 Vincendis
418 2105 609 2184 tyrocinium
634 2105 800 2183 inceptare
826 2100 977 2165 decorum
1003 2110 1065 2166 est.

218 2197 391 2265 Cnnrs‘rs
418 2197 721 2284 tave‘primumque
750 2203 797 2262 tui
820 2198 924 2262 bouus
951 2204 1064 2281 aspice
1090 2206 1208 2264 testem

216 2293 368 2360 Numinis
395 2301 428 2358 et
454 2295 580 2360 validas
606 2299 710 2379 tyroni
736 2300 767 2358 in
795 2294 921 2382 proelia
946 2302 1035 2360 vires

217 2391 350 2457 Sutfice.
401 2392 578 2458 Tartareas
605 2393 646 2458 da
670 2392 836 2458 debellare
863 2394 1036 2474 cohortes,

215 2489 309 2554 Tolle
335 2491 534 2576 triumphata
558 2497 716 2557 victorem
741 2497 774 2556 in
802 2491 912 2556 sidera
938 2499 1050 2556 morte.

215 2585 324 2666 Dixit,
351 2595 385 2650 et
409 2592 439 2650 in
465 2589 567 2654 verbo
595 2598 726 2654 vertens
748 2595 914 2677 vestigia,
941 2588 1038 2675 liquit

215 2681 395 2748 Attonitum
423 2705 484 2749 nun
511 2691 655 2770 speratis
681 2687 892 2751 successibus
920 2687 1039 2752 culam.

311 2876 464 2966 Ambigui
492 2882 582 2942 vario
610 2876 767 2942 dicentem
794 2883 940 2964 pectoris
967 2889 1064 2944 aestu

215 2975 406 3041 Romulides
431 2975 522 3042 audit
546 2976 752 3062 trepidatque
779 2981 981 3042 miserrimus
1007 2974 1074 3040 alto

215 3073 489 3162 constringente
516 3082 611 3140 metu.
664 3073 707 3139 At
731 3073 850 3160 triplici
876 3074 1069 3160 praecordia
1092 3073 1182 3138 ferro

216 3169 375 3236 Obstricti
402 3193 558 3256 proceres
583 3173 688 3237 rident
713 3181 747 3238 et
772 3172 943 3237 fraudibus
969 3178 1109 3254 instant,

214 3267 389 3333 Turbatam
415 3278 466 3334 tot
491 3270 653 3358 prodigiis
680 3291 874 3355 componere
900 3277 1038 3335 mentem
1133 3327 1137 3335 .

215 3365 382 3431 Praesidis
405 3376 439 3431 et
464 3368 584 3434 claram
609 3369 755 3434 tenebris
781 3367 950 3432 involvere
978 3367 1093 3432 lucem.

212 3462 349 3528 Accedit
373 3470 467 3530 vanis
494 3465 603 3550 vultu,
633 3489 693 3530 uon
720 3475 876 3550 pectore,
907 3466 1016 3530 verbis

212 3561 368 3647 Pontins3
395 3573 492 3649 atque
519 3569 582 3628 imo
610 3569 774 3652 ingentem
801 3563 862 3626 sub
890 3562 990 3628 corde
1017 3561 1162 3628 dolorem

213 3659 371 3726 conscius
397 3661 539 3745 injustae
566 3662 679 3726 caedis
705 3666 839 3746 premit3
869 3679 991 3746 aspera
1015 3667 1109 3750 rugis

212 3756 373 3842 Tempora
399 3765 579 3846 componit,
606 3759 725 3847 vigiles
752 3767 888 3823 excusat
914 3763 1049 3825 inertes.

212 3853 337 3920 Cuncta
361 3863 465 3924 taramn
494 3858 632 3923 Domino
657 3857 733 3922 fidis
760 3861 924 3942 impressa
949 3855 1098 3938 tabellis,

212 3951 369 4018 'festibus
397 3956 591 4043 obsignata,
618 3956 708 4020 brevi
734 3963 811 4040 post
835 3964 983 4040 ternpore
1010 3959 1111 4035 misit,

212 4049 370 4138 conjugis
397 4053 557 4141 impulsus
581 4059 735 4136 monitis,
762 4073 845 4139 quae
872 4073 955 4116 vana
980 4051 1114 4116 deorum

211 4147 351 4214 Numina
376 4158 602 4233 contemnens,
630 4152 706 4218 fidei
733 4149 853 4216 vexilla
883 4158 996 4214 secuta
1022 4154 1084 4214 eet.
