3056 4758
119 281 254 332 318-855
631 273 740 325 tissa
766 271 849 326 XVII.

207 459 415 526 -Suhmiasam
440 466 473 524 iu
500 468 634 523 teneros
658 457 839 522 moribundi
868 465 1150 544 corporaturas,
1182 441 1187 456 ’
1253 548 1255 552 ,

208 557 336 646 Ingenti
363 563 488 642 pietate
512 565 662 644 stupent,
689 566 879 644 gratantur,
905 559 1049 623 adorant.

307 752 401 817 Talia
426 752 588 816 dicentem
614 750 721 827 (vultu
747 759 889 816 testatus
915 773 1050 817 amoeno

209 850 308 916 Alitis
334 855 429 914 eximi
455 848 572 914 landes
599 853 815 934 comitumque
842 849 973 934 placere

155 1023 156 1028 η
209 949 396 1034 Obsequia)
424 952 630 1034 omnipotens
657 947 763 1011 divino
790 967 929 1034 surgere
953 958 1033 1013 nutu

208 1046 349 1130 imperat
375 1054 409 1111 et
434 1045 530 1108 laetis
557 1052 683 1129 patrum
708 1065 746 1108 se
771 1043 951 1130 adjungere
979 1052 1103 1111 turmis.

209 1145 364 1208 Certatim
388 1142 475 1227 jussi
504 1142 663 1205 accedunt
684 1141 888 1226 junctimque
910 1142 1028 1207 beatos

211 1239 370 1325 Amplexu
395 1247 530 1305 aeterno
557 1240 677 1303 heroes
703 1259 787 1304 nova
813 1239 922 1302 sidera
946 1245 1112 1327 stringunt
1181 1285 1182 1288 ,

210 1336 457 1423 Adventumque
483 1344 667 1421 exoptatum
694 1343 856 1423 regnique
885 1343 1038 1419 perennis

209 1433 335 1500 Gaudia
359 1443 434 1517 post
461 1441 548 1498 caeci
576 1433 759 1520 squalentia
786 1434 880 1498 devia
906 1433 1009 1498 Limbi

208 1532 393 1621 Degustata
420 1537 472 1616 pio
500 1537 575 1597 victi
602 1539 774 1618 gratantur
804 1551 923 1596 amore.

208 1629 275 1716 Ipsi
304 1635 401 1694 etiam
429 1639 523 1694 vates
550 1638 648 1715 atque
676 1634 779 1694 omnis
805 1635 909 1693 turma
935 1629 1022 1692 beati

207 1725 374 1814 Agminis,
402 1727 549 1791 informis
577 1726 682 1790 Limbi
707 1725 908 1812 pallentibus
935 1727 1058 1790 umbris

207 1823 341 1908 Empti,
369 1825 500 1909 paribus
527 1831 678 1888 succensi
705 1831 840 1908 pectora
865 1822 1022 1906 flammis,

208 1921 425 2008 Pennigernm
453 1928 607 2009 ingentes
633 1920 728 1986 dotet
755 1940 816 1985 cen
839 1927 971 2007 propria
997 1921 1082 1986 dona

209 2019 377 2104 Aspicere.
428 2018 597 2084 Aetherea
625 2039 695 2082 nam
723 2027 812 2082 tanta
838 2025 987 2103 potentia
1013 2027 1113 2086 amori
1140 2031 1209 2103 est,

208 2117 251 2181 Ut
276 2114 397 2180 collata
423 2115 498 2181 aliis
524 2105 634 2181 'socios
659 2115 818 2180 *diflundat
842 2123 872 2180 in
900 2134 1013 2180 cmrres

209 2214 280 2278 Non
309 2213 526 2296 defraudatio,
553 2235 687 2298 qnorum
714 2220 790 2277 sunt
816 2219 967 2298 propria,
996 2213 1079 2280 divis

210 2309 342 2375 Gaudia.
393 2313 497 2376 Tanta
523 2317 639 2376 animis
663 2317 767 2376 virtus
793 2311 964 2396 oculisque
989 2311 1087 2378 beata

207 2407 340 2474 afflans
365 2409 439 2474 lnce
466 2415 636 2488 inseritur,
664 2413 770 2473 vicina
793 2406 974 2493 proculque

208 2506 337 2570 Bissita
364 2515 398 2571 ut
424 2513 542 2572 intuitu
569 2514 741 2591 penetrent
767 2505 943 2592 letheaque
972 2527 1130 2592 nunquam

209 2603 380 2667 Caelestes
404 2610 487 2670 inter
512 2612 646 2689 serpant
672 2602 792 2666 oblivia
818 2609 920 2667 cives.

210 2699 401 2788 Agnoscunt
428 2721 558 2780 omnes,
585 2707 650 2762 noti
679 2701 848 2781 omnibure‚
874 2707 1015 2764 omnium
1042 2713 1191 2782 amante,

209 2799 366 2863 Omnibus
393 2806 529 2862 aeterno
556 2796 748 2877 laudantur,
774 2803 921 2860 amantur
946 2817 1068 2862 amore.

208 2895 339 2960 Felices
366 2895 523 2981 piandunt
550 2893 701 2959 felicibus
728 2893 879 2978 almaque
904 2891 988 2958 lucis

209 2994 347 3058 Munera
373 2992 584 3057 inexhaustae
611 2996 713 3057 sociis
739 3011 900 3056 concessa
926 2990 1033 3055 beatis

209 3091 281 3155 Non
309 3094 458 3174 cupiunt,
486 3091 543 3155 sed
570 3090 645 3154 luce
673 3088 749 3152 data
776 3087 935 3173 donisque
961 3089 1109 3152 fruentes

209 3190 359 3273 (tuisque
384 3195 473 3269 suis,
501 3189 610 3252 charis
634 3187 776 3274 gaudent
800 3185 957 3248 accedere
983 3192 1095 3249 amicis
1208 3195 1219 3218 ⁸

209 3287 375 3365 Praemia,
404 3306 486 3371 quae
513 3307 590 3349 sese
614 3305 774 3370 nunquam
802 3288 964 3347 meruisse
990 3283 1141 3347 fatentur.

208 3385 280 3448 Nec
306 3382 452 3466 suajam
481 3381 623 3446 mallent.
676 3381 732 3445 Sic
756 3382 802 3461 (si
830 3399 1023 3465 componere
1050 3386 1178 3468 magnis
1291 3388 1295 3398 ¹

208 3482 315 3546 Parva
341 3481 434 3556 iicet)
463 3485 567 3565 riguis
593 3484 703 3544 vivunt
729 3497 812 3563 quae
838 3484 983 3564 germina
1008 3483 1039 3540 in
1070 3478 1194 3559 hortis,

208 3579 369 3664 (iriaeque
396 3598 457 3640 suo
485 3583 633 3659 quamvis
661 3581 784 3640 niteant
810 3576 955 3640 formosa
980 3575 1108 3660 colora,

208 3677 368 3762 Quaeque
396 3697 456 3738 suo
484 3677 630 3757 quamvis
656 3671 802 3760 fragrent
829 3675 1019 3758 gratissima
1047 3674 1164 3754 odore,

210 3773 347 3838 Collatis
374 3781 478 3835 tamen
504 3771 579 3834 hinc
603 3770 693 3833 illinc
713 3768 891 3853 jucundius
917 3790 982 3834 una

210 3871 404 3956 conspirant
428 3869 544 3954 opibus
571 3872 754 3956 nigrisque*
769 3867 898 3930 admota
925 3867 1074 3932 ruborem

208 3965 346 4031 Dulcius
374 3974 517 4030 ostentat
543 3966 640 4032 violis
666 3985 760 4045 rosa,
789 3970 881 4051 nigra
906 3965 1035 4028 rubenti

209 4063 397 4128 lutermista
421 4083 518 4126 rosae
544 4064 648 4149 vicia,
676 4067 869 4150 aspicientis
896 4061 998 4124 odora

208 4159 365 4224 Biandins
392 4167 549 4224 attractos
574 4159 656 4225 ludit
682 4162 848 4245 ferrugine
874 4177 1006 4222 sensus.
