3056 4758
664 208 907 264 emissuros

235 393 386 460 Nondum
412 395 544 460 arrodati
572 403 699 477 certet,
726 400 882 480 mysteria
908 394 990 460 lethi

234 493 377 576 Eruere,
405 502 505 581 atque
528 499 595 558 ucri
624 493 747 558 calidus
773 513 834 580 spe
861 492 982 558 nribus
1006 492 1092 558 infit:

332 687 368 752 Si
391 688 468 753 licet
491 693 682 756 immensum
706 687 817 775 pelagi
844 694 971 752 tentare
997 688 1192 773 profundum

233 784 462 871 Arcanumque
488 793 608 875 iugens
635 785 745 850 humili
773 783 946 868 explorare
969 784 1100 877 volatu,

234 883 284 947 Da
309 873 438 948 clarum
458 884 624 966 obscuris,
651 891 759 964 vatum
786 887 1014 964 sanctissime,
1041 883 1149 948 lumen

232 979 425 1066 Offusisque
452 981 610 1045 laboranti
638 1001 794 1064 succurre
820 980 977 1044 tenebris.

232 1079 383 1164 Namque
411 1100 469 1164 per
495 1079 669 1145 umbrosae
694 1078 844 1142 benefida
869 1076 1003 1142 silentia
1025 1084 1133 1145 noctis

232 1177 312 1242 Cum
338 1178 502 1255 CHR1sT1
530 1179 649 1243 affatus
676 1185 823 1262 peterem
849 1183 1037 1260 certumque
1062 1176 1180 1242 salntis
1301 1247 1303 1250 ,

232 1273 359 1338 Caecus
384 1281 464 1356 iter,
490 1279 520 1337 si
542 1275 735 1340 immortalis
762 1273 924 1338 coelestia
950 1279 1038 1340 vitae

232 1370 356 1436 Gaudia
384 1381 418 1436 et
443 1374 630 1441 aetheream
659 1377 793 1458 quaeris
819 1371 1040 1436 conscendere
1064 1375 1096 1434 in
1123 1391 1249 1452 arcem,

229 1469 279 1534 Ex
306 1470 399 1534 undis
427 1472 505 1536 mihi
532 1471 645 1554 crede,
670 1475 801 1555 inquit,
817 1477 995 1554 sanctoque
1019 1488 1160 1536 necesse
1187 1483 1240 1536 est
1305 1519 1306 1524 η

175 1631 181 1640 ,
229 1567 410 1632 Pnenmate
436 1578 487 1651 te,
514 1567 806 1648 velnt‘iniantcm,
832 1566 1028 1648 Nicodeme,
1056 1574 1198 1634 renasci.

229 1666 408 1730 Praeterea
434 1672 553 1754 ingrati
581 1672 685 1730 sacris
711 1666 784 1729 dum
817 1673 971 1750 pasceret
996 1663 1074 1728 olim

230 1762 381 1849 Eloquiis
407 1764 517 1850 populi
545 1771 686 1845 mentes,
713 1783 791 1828 sese
817 1769 890 1847 ipse
915 1761 1066 1826 daturum

231 1861 383 1926 Promisit
409 1863 519 1926 clraris
545 1867 576 1926 in
602 1883 748 1926 mensam
776 1867 809 1923 ct
836 1857 955 1943 pocula
980 1864 1110 1942 amicis3

228 1957 418 2043 Implicitam
446 1959 689 2044 Labyrinthaea
711 1958 856 2045 caligine
883 1963 1021 2020 ruentem

230 2054 355 2142 Expedi
382 2066 415 2120 et
442 2057 505 2122 hoe
526 2056 630 2141 justis
657 2067 764 2122 vatum
791 2056 833 2120 da
859 2059 995 2119 maxime
1021 2057 1116 2118 votis.

327 2252 450 2318 Annuit
478 2251 679 2318 Amramides
706 2264 805 2338 atque
833 2253 946 2317 ordine
972 2246 1106 2337 singula
1134 2248 1256 2333 pandit.

229 2349 362 2432 Nestis,
390 2359 425 2415 ut
450 2357 586 2436 irriguis
612 2351 759 2416 Paradisi
786 2350 927 2414 vallibus
955 2347 1030 2412 olim

228 2447 369 2532 Propter
395 2469 500 2531 aquae
524 2454 664 2512 vitreum
692 2449 842 2532 Zephyro
870 2453 1035 2530 crispante
1061 2449 1234 2508 tremorem

227 2543 411 2628 Improvisa
437 2543 550 2608 oculus
576 2545 693 2610 blande
721 2547 858 2610 intrantis
886 2544 1030 2611 Adamus
1074 2583 1076 2586 -

227 2639 377 2706 Membra
403 2641 569 2707 reclinarit
593 2649 697 2706 sumni
725 2643 897 2708 dulcedine
926 2650 1060 2726 captus,

227 2737 334 2804 Purus
362 2739 466 2805 adhuc
492 2741 647 2822 sceleris,
674 2741 823 2806 dominus
848 2749 1021 2827 terraeque
1047 2743 1183 2826 suique,

172 2831 178 2840 ’
227 2837 342 2919 (Quod
370 2859 476 2902 rerum
503 2845 638 2924 imperio
663 2839 788 2923 majus)
817 2848 1006 2923 costumque
1027 2835 1152 2920 jacenti

228 2935 413 3000 Abstulerit
440 2936 670 3022 pulchramque
699 2959 738 3002 ex
765 2936 822 3000 illa
852 2936 1001 3000 eduxerit
1026 2933 1148 3004 Evam.
1237 2946 1239 2950 '

227 3032 462 3119 Omnipotens,
489 3040 575 3099 vitae
601 3040 724 3100 sociam
750 3033 948 3118 thalamique
973 3033 1127 3096 futuram

227 3130 320 3196 Unde
346 3133 510 3197 hominum
536 3153 619 3220 gens
645 3131 790 3197 caerulei
817 3133 964 3216 prodiret
989 3137 1020 3193 iu
1048 3150 1146 3195 aures

227 3225 396 3311 Aetheris,
422 3234 600 3296 innumeris
629 3240 799 3314 utrumqne
826 3228 998 3314 nepotibus
1025 3227 1115 3292 orbis

228 3322 446 3410 complexura
470 3327 601 3415 plagam
627 3335 662 3390 et
687 3331 773 3390 vasti
801 3348 907 3392 vacua
932 3330 1016 3391 atria
1040 3323 1134 3390 cccli.

228 3418 470 3506 Sacramentum
497 3426 632 3512 ingens!
659 3425 834 3489 manifesto
859 3431 987 3488 numine
1014 3422 1120 3488 divum

228 3516 430 3583 Primaevam
456 3521 562 3586 mnndi
591 3521 759 3606 sobolem,
788 3544 847 3607 per
874 3524 1009 3587 foedera
1035 3526 1147 3584 casti·

227 3612 358 3678 lllibata
382 3616 469 3681 thori
497 3639 660 3704 generans
687 3621 914 3707 claudensque
937 3620 998 3684 sub
1026 3618 1139 3685 umbra
1210 3653 1212 3662 ι

227 3711 406 3777 Nascentis
433 3715 558 3796 mnndi,
585 3718 693 3782 mundi
721 3723 851 3806 signate
879 3722 981 3794 renati

227 3811 425 3896 Principium
452 3811 630 3897 finemque,
659 3824 693 3878 et
719 3821 839 3879 amoris
866 3824 957 3879 casta
981 3818 1138 3896 perermis

227 3910 392 3992 Foedera,
419 3915 512 3996 queis
539 3917 635 3998 virgo
662 3910 815 3975 Christus
841 3933 913 3975 cum
940 3910 1074 3997 Virgine
1101 3931 1223 3996 spensa

227 4007 425 4093 Perpetuam
451 4007 616 4092 subolem,
642 4015 736 4095 regni
764 4007 921 4073 coelestis
947 4028 1114 4074 amoenam

228 4103 404 4192 virgineae
429 4107 726 4195 euspiciistaedae
752 4105 909 4193 producet
934 4112 965 4172 in
992 4105 1112 4172 aulam.
