3082 4746
670 199 913 258 cirrismiios

236 389 429 458 Innumerae
445 389 600 474 pendent
625 411 666 455 er
692 394 778 454 omni
805 395 902 474 parte
925 407 1086 472 coronae,

238 487 363 568 (lineis
388 485 525 574 grauida
549 487 630 554 Eois
655 509 772 576 regum
797 487 981 552 diademate
1006 491 1144 574 gemmis

126 669 128 674 Ι
238 586 446 671 compositae
471 585 622 664 sordent)
648 585 805 672 foliisque
829 587 891 650 sub
917 585 1067 650 omuibus
1092 584 1232 648 haerent
1272 608 1275 618 ·

237 684 342 750 Unius
367 682 487 748 radicis
513 704 614 768 opas,
642 704 705 747 non
731 683 840 748 addite
864 687 965 746 ramis

239 780 372 863 Gloria,
399 778 458 843 sed
484 785 610 866 puriter
636 787 847 845 crescensin
874 781 1001 864 sidera,
1030 781 1074 844 ab
1098 799 1162 844 uno

238 880 341 944 Fonte
366 878 473 942 fluens
498 887 532 942 et
553 877 626 942 sole
652 878 769 943 bibens
795 885 829 942 et
855 884 958 963 stirpe
985 883 1190 943 virescens*

147 979 151 988 '
239 977 418 1061 Purpureis
444 996 522 1059 pars
549 974 608 1040 illa
631 981 720 1041 rosis
745 976 859 1062 rubet3
886 975 946 1040 illa
970 981 1115 1040 nitentes

239 1075 406 1160 Explicat3
432 1072 493 1138 has
520 1078 650 1160 gemino
677 1073 789 1139 videas
817 1073 1017 1140 confundere
1043 1093 1179 1138 amoeno
1279 1119 1282 1122 -

239 1172 408 1236 Attonitos
435 1170 569 1252 oculus,
594 1171 691 1236 violis
715 1173 798 1236 haec
822 1171 942 1257 pallet,
970 1179 1006 1235 et
1034 1170 1092 1235 illa

222 1269 419 1335 ¹lluricouro
445 1267 586 1333 rutilans
613 1267 766 1335 loliorum
792 1275 897 1354 spirat
923 1270 1059 1335 bonore.

240 1368 337 1448 Sunt,
365 1369 483 1454 quibus
510 1387 604 1432 omne
628 1385 737 1454 genus
763 1367 871 1433 flores·
891 1366 1054 1448 (mirabile
1080 1365 1188 1445 dictu)
1253 1399 1257 1406 .

239 1464 422 1530 conciliant
446 1471 609 1551 pretium3
635 1486 696 1529 nec
722 1464 802 1530 odor
829 1467 981 1531 turbatur
1007 1465 1128 1545 odore,
1167 1469 1170 1476 ’

238 1562 310 1628 Nec
335 1562 454 1628 fallunt
481 1562 613 1643 oculos,
641 1583 702 1628 uec
727 1555 819 1628 mixti
846 1563 963 1630 damus
988 1562 1117 1627 decoris
1151 1611 1153 1616 .

239 1661 317 1728 Ulla
341 1665 476 1744 timent3
503 1670 602 1748 auget
626 1681 797 1742 numerus,
823 1683 886 1726 uou
910 1660 1000 1725 tollit
1020 1662 1188 1725 honorem.
1295 1716 1299 1733 ‚

241 1761 365 1843 Cuique
391 1779 486 1820 suum
511 1757 620 1845 fulget
642 1759 743 1824 decus
770 1764 950 1844 invitetque
976 1758 1093 1822 beatas

241 1856 408 1920 Victorum
433 1865 579 1939 mentes,
607 1855 692 1921 coeli
720 1855 839 1942 quibus
865 1863 986 1920 auuuet
1012 1875 1123 1919 arcem

240 1952 459 2036 Omnipotens
484 1948 688 2040 meritaeque
714 1954 845 2019 addicet
868 1958 1015 2039 proemia
1040 1951 1178 2036 palmaeb

240 2052 336 2135 lpsac
366 2055 465 2115 etiam
491 2051 644 2136 frondes,
672 2050 962 2136 interspirautibus
984 2055 1091 2132 auris,

239 2149 339 2214 Nouo
366 2155 398 2212 in
426 2149 569 2214 devexas
595 2148 684 2216 facili
710 2155 891 2216 sinuamine
917 2156 1024 2213 terras

241 2247 441 2326 curvantur,
468 2267 551 2310 nunc
577 2248 730 2312 sublatae
758 2267 860 2331 super·
885 2246 1022 2311 aethera
1046 2245 1152 2310 rident

241 2344 465 2410 Affectentum
492 2363 614 2428 unsus3
640 2365 725 2408 nunc
750 2365 858 2408 ramos
885 2352 986 2408 seua
1001 2342 1194 2429 relinquunt

240 2441 320 2522 lllu,
347 2439 400 2505 vel
426 2439 484 2504 illa
508 2461 590 2504 suos
616 2448 818 2526 extemraque
843 2446 963 2506 vimina
987 2449 1161 2528 quaeruut.

242 2539 285 2604 Et
311 2556 504 2623 quamquam
530 2539 708 2624 inscriptae
734 2545 893 2603 victorum
921 2545 1050 2604 nomina
1075 2537 1230 2619 frondes,

242 2637 406 2719 Sertaque
432 2632 625 2723 designent,
653 2641 765 2722 apices
791 2643 898 2700 taruco
925 2636 994 2701 elta
1018 2642 1176 2702 micantes

240 2732 318 2797 Nox
346 2736 430 2819 tegit
455 2741 490 2796 ct
522 2738 613 2798 verto
639 2733 841 2802 alternantes
867 2734 980 2799 ordine
1008 2742 1131 2816 mutat,
1250 2756 1254 2764 “

243 2829 495 2914 lmplectitque3
522 2838 616 2915 ipsos
643 2837 744 2899 etiarn
767 2833 976 2918 suspendere
1001 2831 1148 2919 gaudens

243 2925 454 3008 Caelicolae,
481 2929 540 2994 scd
567 2950 730 3016 quemque
751 2949 818 2996 'auo
846 2929 1019 3016 Sapientia
1045 2949 1163 2994 rursus

244 3023 369 3091 Ordine
395 3026 626 3114 distinguens,
654 3036 780 3093 maturo
805 3033 951 3112 ternpore
976 3026 1114 3109 pandet,
1245 3065 1248 3080 ·

244 3124 341 3190 (luae
366 3125 487 3212 quibus
516 3123 684 3214 obtingeut
709 3133 787 3212 post
813 3129 899 3190 ritae
925 3125 995 3188 futu
1021 3142 1172 3188 coronae.

341 3320 498 3387 luteriore
524 3320 618 3385 domo
645 3340 729 3408 gens
755 3316 842 3382 coeli
869 3317 957 3382 alata
982 3318 1098 3382 diurno

243 3419 480 3504 Nocturooque
505 3425 631 3484 instans
658 3421 750 3502 operi
779 3415 918 3480 sudabat
943 3425 976 3480 et
1002 3421 1087 3480 omui

243 3515 325 3580 Arte
353 3514 574 3580 adamantcam
599 3513 742 3580 cudebat
766 3517 841 3578 nixa
867 3522 1032 3596 catenam,

243 3611 345 3674 Vasta
371 3619 519 3676 secuturi
545 3611 766 3676 involventem
792 3618 941 3696 tempora
966 3611 1086 3677 muudi.

243 3706 306 3772 llic
331 3707 464 3772 rutilum
490 3707 594 3774 fundit
619 3709 758 3772 dammis
783 3708 987 3776 torrentibus
1013 3728 1142 3789 aurum,
1170 3754 1173 3763 .

243 3804 305 3870 llic
330 3805 465 3890 liquidis
492 3805 615 3894 plumbi
645 3812 743 3888 rivis,
771 3807 824 3871 hic
849 3826 926 3872 aere
953 3807 1087 3887 refuso,

244 3903 326 3971 Pars
351 3903 442 3970 ferro
470 3905 619 3988 undanti,
648 3925 725 3992 pars
751 3913 888 3992 argento
913 3910 991 3990 igne
1017 3902 1146 3984 soluto,

243 3999 326 4068 Pers
353 4007 462 4068 mixtis
490 4007 638 4068 certatim
665 4001 802 4089 implent
827 4001 1003 4068 stridentia
1027 3999 1128 4064 labra.

242 4095 383 4186 Jamque
411 4121 556 4186 operosa
584 4100 717 4182 cohors,
743 4119 916 4186 procerum
937 4097 1104 4185 indignata
1128 4111 1300 4183 procacem
