3060 4752
634 197 876 258 citissimus

182 385 250 452 lit
274 391 371 474 regni
398 393 506 472 eaput.
556 381 700 454 Ambitio
722 385 936 454 successibus
959 395 1074 468 auria,

208 483 326 550 Aerior
351 490 520 572 insurget,
547 488 718 569 vicinaque
743 504 848 572 regna
871 483 1002 550 trisnlai

207 581 365 648 Fulminis
390 587 421 647 in
446 601 567 648 murem
593 589 764 663 evertens,
790 582 980 650 viatrierus
1005 588 1106 651 armis

207 678 426 746 Perdomitam
451 679 576 746 [albiam
602 678 852 765 debellatosque
877 680 1043 764 triumphu

207 777 335 865 Ingenti
361 777 545 862 Aethiopas
571 785 606 841 et
630 781 760 859 septeni
779 777 908 862 'inelyte
932 776 1002 842 Nili
1098 833 1101 840 .

209 876 350 960 Sceptra
374 881 509 959 premet.
559 872 708 958 Reliqui,
735 875 853 959 quibus
878 875 1035 942 inclinata
1058 876 1169 942 Latini

209 972 367 1038 Cesserat
391 977 521 1059 imperii
539 969 607 1054 jam
633 991 751 1059 magua
775 993 816 1038 ex
842 982 935 1058 parte
960 981 1131 1060 potestas,

207 1070 333 1137 Victori
358 1070 539 1136 aaaendeut
565 1088 668 1156 reges
694 1079 728 1136 et
749 1067 848 1153 jussa
873 1079 1059 1155 capessent.
1194 1117 1198 1128 ·

208 1168 278 1235 Nee
302 1169 437 1256 longum
460 1173 492 1232 in
518 1164 623 1232 medio
650 1174 798 1251 tempus,
826 1189 899 1234 eum
924 1169 1032 1236 fracta
1058 1170 1197 1236 furentis

209 1266 359 1350 Viribus,
386 1271 460 1350 ipsa
485 1271 582 1330 etiam
608 1263 746 1330 nusum
774 1266 947 1332 Germania
969 1273 1096 1353 sceptri

207 1363 335 1428 Nomen
362 1363 468 1429 adhue
495 1369 662 1444 retinens,
689 1362 945 1450 famulantisque
971 1369 1079 1430 omnia
1103 1372 1213 1430 terrae

207 1461 341 1549 Regna,
368 1459 618 1546 triumphantem
643 1481 744 1545 prona
769 1466 899 1528 eerviee
924 1470 1116 1546 sequentur.
1220 1466 1223 1471 '

209 1558 273 1624 Sed
300 1561 412 1625 brevis
438 1566 595 1625 immensu
621 1566 792 1624 statuetur
816 1567 901 1624 meta
926 1565 1069 1644 tyranni„

207 1656 364 1744 Imperi03
390 1661 607 1742 nequeenim
633 1660 665 1719 in
691 1663 827 1742 quartae
853 1661 1052 1744 stringentia
1079 1656 1217 1722 brumae

207 1754 347 1844 Frigora
371 1755 511 1820 durabit
561 1752 700 1841 Magno·
714 1762 819 1820 tamen
848 1760 955 1820 omnia
979 1759 1053 1820 nisu

208 1854 377 1919 Turbabit.
428 1849 624 1918 stimulante
651 1849 738 1916 Oreo
765 1861 801 1916 et
827 1850 1005 1916 famulante
1031 1870 1218 1930 sannarum,

208 1949 293 2016 dura
316 1971 430 2015 amens
455 1949 589 2014 abolere
615 1947 744 2035 Deique
766 1958 924 2016 evertere
949 1948 1071 2015 cultum

210 2047 435 2136 Aggrediens‚
463 2046 592 2130 fraude,
620 2047 747 2113 insidiis
775 2046 957 2132 opibusque
985 2046 1149 2130 profusis,

208 2147 367 2212 Fascibus
394 2144 518 2211 oblatis.
540 2143 722 2231 blandaque
746 2145 918 2230 tyrannide
944 2150 1080 2232 primurn

208 2243 391 2332 Oppositas
417 2243 528 2310 flectet
552 2251 690 2310 mentes.
733 2242 837 2324 Mox,
865 2247 1009 2329 tegmine
1034 2241 1143 2327 vulpis

207 2342 379 2423 Excusso,
406 2340 571 2406 Ilircanae
594 2339 739 2405 violenta
765 2339 898 2426 tigridis
924 2347 994 2406 ira,

208 2439 348 2504 Saevior
374 2446 410 2504 et
428 2436 538 2502 surdis
564 2435 676 2522 pelagi
703 2443 950 2502 immansuetinr
975 2434 1085 2516 andiu,

209 2534 269 2598 Vel
294 2538 411 2621 pneuIs
437 2534 569 2620 franget
595 2532 648 2598 vel
673 2532 743 2598 diro
769 2533 885 2600 funere
911 2533 1017 2611 tnllet.

305 2726 433 2793 Feralis
459 2732 555 2815 regni
580 2728 716 2810 solium,
742 2736 813 2794 tntu
840 2729 921 2796 arbe
945 2730 1103 2811 subactu,
1244 2753 1247 2758 ·

207 2826 281 2891 Heu
306 2826 447 2893 infelicis
474 2831 600 2911 patriae
626 2826 814 2894 miserabile
838 2827 958 2894 fatum!

208 2924 279 2990 llae
305 2931 519 3011 (importunis
545 2931 669 2990 veniam
693 2925 734 2990 da
757 2925 907 3001 fletibus)
935 2926 1016 2990 urbe

209 3023 421 3089 Caristitueus
447 3028 617 3091 instaurati
643 3021 781 3110 fastigia
805 3023 918 3106 templi

209 3120 347 3186 Attollet
372 3121 479 3189 eaelo.
531 3121 647 3186 Terris
673 3140 751 3188 sese
780 3122 929 3188 nmnlbus
955 3139 1052 3185 uuum

208 3217 331 3283 Inferet
357 3225 429 3306 ipse
455 3219 581 3303 Deum3
607 3218 671 3283 sibi
697 3216 820 3301 templa
844 3235 986 3301 arasque
1009 3214 1131 3282 dieabtt

208 3314 329 3396 Implus
355 3325 389 3380 et
415 3318 590 3387 CHR1STO
619 3319 770 3401 proprius
795 3315 928 3384 invadet
952 3313 1108 3381 horrores.
1210 3306 1226 3319 '⁸

209 3409 302 3474 Illius
327 3413 457 3496 injectis
483 3435 559 3482 aras
583 3413 938 3493 absumereflammis,
1220 3405 1221 3408 '

210 3507 390 3592 Omniaque
416 3510 558 3576 infestus
583 3511 760 3578 simulacra
784 3511 980 3598 effringere,
1007 3521 1131 3579 nomeu*

209 3605 353 3669 Invisum
379 3604 570 3691 Ilespariis,
597 3614 737 3677 invisum
759 3608 896 3676 reddere
922 3607 1004 3675 Eois

210 3702 368 3767 Gentibus
391 3712 491 3787 atque
518 3709 591 3770 imis
617 3706 749 3772 irrflxum
775 3705 923 3772 evellere
948 3705 1045 3772 fibris

209 3801 374 3867 Tentabit.
426 3800 496 3868 Sibi
522 3808 599 3866 vota
625 3809 699 3880 uui,
725 3805 789 3870 sibl
816 3804 914 3871 thura
938 3801 1061 3868 ridenti

211 3897 331 3964 Offerri
357 3907 391 3966 et
416 3898 529 3988 pandis
555 3896 715 3966 fumantia
739 3898 889 3969 launtbus
915 3906 992 3968 erte

211 3996 334 4084 Coget,
362 3997 508 4066 odoratis
533 3996 657 4066 luteudl
681 3997 791 4066 limina
816 4003 937 4081 sertis,

212 4092 455 4184 Aeternumque
477 4096 584 4183 adytis
609 4102 699 4190 passi
726 4094 949 4182 penetralibus
974 4101 1093 4184 ignem.
