3056 4758
97 241 227 292 ava-tut
619 224 728 288 uleus
748 233 833 286 xvu.

178 419 339 504 Mujestas
369 426 403 481 et
429 415 528 484 Amor
553 416 689 484 solium!
717 424 767 482 cui
796 417 889 484 cedat
918 416 1047 482 Amoris
1099 459 1103 466 ‹

178 519 331 585 indomiti
357 518 488 582 virtus?
515 520 567 580 cui
590 515 680 580 flecti
711 521 823 580 rreseia
849 516 943 580 cedat

179 614 368 698 lllajestas.⁰
396 612 454 676 sed
480 617 558 676 vicit
584 611 683 678 Amor
708 619 861 700 victaque
888 613 1089 698 triumphans

178 712 376 796 majestate,
405 711 520 777 DEUM
547 715 653 796 patrio
680 710 822 776 detrusit
846 707 985 796 Olympo

178 813 213 876 ln
239 807 420 873 stabulum:
448 813 602 872 aeternae
628 807 730 873 decus
757 808 939 874 immortale
966 827 1105 872 coronae

181 907 342 993 Vepribus
371 904 508 970 hirsutis
535 911 673 970 mutavit
698 905 854 971 arundine
881 905 1014 971 fulmen.

180 1007 286 1071 Ultori
314 1002 476 1068 scelerum
501 1002 689 1068 malesanae
716 1008 851 1068 erimina
875 1011 984 1068 terrae

179 1104 360 1189 imposuit3
386 1106 528 1164 vinetum
555 1098 816 1186 denudatnmque
843 1099 989 1186 flagellis

179 1201 295 1265 lnduit.
345 1196 457 1279 lllum,
483 1194 592 1278 illurn,
621 1197 768 1266 astriferi
795 1202 850 1282 qni
877 1196 1017 1262 culmina
1044 1197 1150 1263 mundi

180 1299 293 1362 Librat
319 1305 353 1361 et
379 1302 511 1359 aeterno
539 1293 651 1360 coelos
677 1295 847 1362 adamante
873 1299 1029 1374 revincit,

181 1396 285 1461 ssuern
313 1414 469 1477 superum
495 1413 640 1458 convexa
665 1399 825 1475 tremunt,
859 1397 1034 1458 tremuisse
1067 1391 1235 1459 columnae

180 1492 326 1557 Vidimus
352 1495 539 1572 astrictum,
564 1489 658 1556 ferali
686 1495 716 1554 in
742 1496 853 1575 stipite
880 1491 993 1570 fixum,

181 1588 341 1654 Hostibus
367 1597 404 1652 ut
430 1592 541 1652 saeris
567 1592 667 1650 vitam
694 1587 860 1654 moriendo
885 1606 1058 1672 perennem

181 1685 364 1767 Redderet‚
391 1689 560 1750 exanimen
589 1683 701 1750 clauso
722 1685 873 1770 jacuisse
900 1683 1097 1769 sepulchro,

181 1785 224 1849 Ut
250 1802 390 1870 superas
416 1781 539 1846 tumulo
568 1781 701 1848 clausos
727 1791 903 1850 revocaret
928 1787 958 1848 in
987 1803 1080 1862 oras,
1149 1845 1151 1850 .

181 1883 301 1946 lnierni
329 1879 476 1944 subiisse
505 1900 643 1965 specus,
670 1888 705 1946 ut
731 1880 809 1947 Dite
832 1879 937 1968 ligato

182 1979 336 2044 Solveret
363 1983 520 2042 emeritos
547 1976 706 2062 coeloque
733 1978 869 2042 inferret
894 1984 1029 2046 amicos.

180 2076 248 2159 En,
275 2096 338 2160 quo
365 2082 398 2138 te
424 2073 550 2139 tandem
578 2079 686 2158 pietas
712 2083 785 2156 tua,
814 2075 1171 2160 censeamusque

181 2174 295 2237 Traxit
321 2172 430 2236 amor!
462 2177 517 2260 qui
543 2170 665 2236 stellati
692 2177 880 2239 vastissima
906 2171 1014 2238 mundi

182 2269 317 2334 Moenia
340 2268 491 2334 sidereos
514 2267 614 2334 orbes
640 2268 919 2354 tremebundaque
942 2279 1050 2334 terrae

181 2367 402 2438 Fundamenta
428 2372 554 2451 quatis,
581 2365 692 2434 Solum
717 2387 782 2432 non
806 2368 912 2434 vincia
936 2365 1102 2447 Amorem,

183 2464 228 2529 Et
249 2467 338 2530 solos
362 2473 393 2530 te
415 2465 518 2530 uincit
542 2465 651 2533 Amor.
701 2463 750 2528 Tu
772 2466 897 2532 scilicet
921 2466 978 2530 illo
1034 2468 1038 2474 '

183 2561 275 2647 lpnis
297 2565 333 2627 to
355 2565 429 2647 ipae
451 2561 580 2648 flupraa
602 2571 633 2628 et
658 2561 759 2629 Amor
782 2566 818 2628 in
844 2561 963 2630 Amore
988 2563 1194 2645 triumphant

280 2755 375 2820 Talia
400 2760 569 2818 cantantes
594 2754 657 2836 iam
683 2760 832 2840 proxima
857 2761 955 2842 signa
978 2756 1113 2824 secundi

184 2853 334 2940 Agminis
358 2856 547 2937 attigerant.
598 2851 661 2918 Hic
686 2852 852 2918 fortunata
878 2871 1036 2920 novorum

185 2949 324 3036 Agmina
350 2948 527 3016 coelituum
554 2954 669 3016 moniti
695 2951 942 3016 occurrentibus
969 2947 1054 3014 ultro

184 3047 415 3112 Commendant
440 3051 560 3130 sociis,
588 3068 712 3133 suaque
738 3047 777 3114 ad
803 3047 926 3114 vexilla
951 3053 1118 3132 regressi,

184 3143 270 3208 Ante
297 3143 528 3228 triumphantis
554 3143 683 3212 Domini
711 3150 853 3232 vestigia
878 3144 1024 3210 tendunt.

183 3240 259 3327 lpse
286 3249 394 3306 autem
420 3239 557 3324 triplicis
583 3240 734 3307 sublimis
761 3243 884 3308 bonore
911 3240 1080 3324 triumplti,

182 3337 316 3402 Peccati
344 3338 482 3402 domitor
507 3343 687 3423 mortisque
713 3339 877 3424 Erebique
904 3358 1044 3402 corusco

184 3433 404 3519 Subsequitur
430 3453 524 3498 curru
552 3440 725 3517 invectus,
753 3457 849 3519 quem
875 3435 984 3500 laetus
1010 3440 1117 3498 ovanti

184 3531 398 3615 Omnipotens
426 3538 501 3594 nato
529 3537 660 3617 genitor
685 3530 855 3598 devinctus
880 3552 989 3600 amore

183 3627 322 3693 Fecerat
347 3633 507 3714 insignem
536 3637 570 3691 et
595 3627 696 3694 multa
721 3628 884 3695 celaverat
910 3637 979 3693 arte

185 3724 303 3788 Omnia
325 3732 502 3816 susceptae
530 3731 637 3790 carnis
663 3732 837 3814 mysteria,
863 3732 970 3813 magni
1017 3764 1019 3771 ‚

185 3820 340 3905 Symbola
367 3823 496 3887 consilii
521 3829 555 3886 et
579 3829 644 3888 nati
671 3829 806 3890 victoris
833 3824 995 3906 bonores,

183 3917 256 3982 Non
285 3925 356 3984 auri
383 3921 483 4001 radiis
510 3927 735 4006 ementitoque
760 3921 906 3988 colorum

183 4014 337 4099 Lumine,
363 4017 423 4082 scd
450 4023 534 4083 vivis
558 4025 750 4090 animantum
778 4013 941 4105 expressa
960 4019 1087 4104 figuris.

183 4112 268 4178 Nam
296 4120 373 4200 quia
398 4114 562 4181 nascendo
586 4117 743 4188 mortales
770 4118 875 4185 induit
901 4123 1012 4196 artus,

1109 4158 1238 4276 aa
