3076 4744
1369 235 1419 287 vll

151 417 427 505 tnl'hllosopbia
452 435 491 485 ne
515 414 702 509 Theologie
727 428 786 486 est
818 421 933 487 duetus
966 443 1006 486 an
1037 421 1198 486 eruditus.
1225 455 1273 470 --
1324 419 1418 488 Anno

152 539 283 605 Domini
312 541 414 607 1632.
463 541 487 605 8
510 537 594 605 euin
618 538 778 605 Dominus
803 539 971 606 Robertns
993 539 1164 626 Grnyneus
1189 539 1259 621 (hie
1281 533 1416 617 claruet

153 655 313 722 hlnmnus
335 675 374 721 no
400 655 565 723 Saemdos
592 659 691 744 hujus
715 651 880 748 collegii,
915 660 1082 744 profectus
1118 669 1171 724 est
1206 659 1247 725 ad
1280 659 1416 725 Canthu-

155 783 268 843 sinnos
292 773 440 865 Anglos,
467 782 522 864 qni
548 763 714 864 Neoporti
737 781 769 842 in
797 777 949 843 Flnndrin
973 778 1155 842 habitant.“
1185 813 1228 826 -

256 891 300 974 Ω)
331 894 481 980 Epitome
515 915 557 960 ex
595 895 738 982 epistole
775 897 906 985 anglica
941 898 1114 961 Peioris
1137 895 1417 963 -0artusianorum

153 1011 435 1099 neoportensium,
462 1011 683 1080 Williams
710 1014 749 1079 nd
765 1000 846 1080 'mn
868 1015 984 1080 baron.
1007 1013 1207 1080 Edmundum
1227 1015 1269 1080 de
1292 1011 1415 1080 llarold

153 1131 321 1197 Monoehii
353 1127 383 1197 d.
409 1133 439 1197 d'.
466 1132 546 1196 Lor:
582 1119 710 1216 nMaj.
747 1135 857 1216 1792,
889 1135 944 1200 ubi
978 1135 1138 1222 legimus:
1174 1134 1420 1215 „liebertus

153 1249 309 1316 Clnrke
330 1246 433 1334 (nlius
451 1250 597 1335 (iraine),
620 1261 716 1317 natus
741 1252 889 1334 bondini,
914 1253 1077 1319 absolutis
1100 1257 1131 1316 in
1157 1251 1285 1340 colleg.
1310 1251 1416 1316 Duas.

153 1369 283 1457 anglino
306 1369 571 1456 humanioribus,
604 1371 689 1437 idem
716 1371 892 1460 collegium
923 1378 1098 1459 ingressus
1124 1378 1186 1435 est.
1239 1371 1416 1456 Postquam

153 1487 371 1576 Theologlam
397 1508 501 1574 aeque
535 1509 574 1553 ae
600 1489 846 1576 Philosophiam
871 1491 1079 1573 absolverat,
1108 1490 1287 1555 Professor
1310 1489 1417 1553 fantus

152 1603 392 1673 Humaniorum·
411 1615 445 1672 et
471 1607 637 1674 ordinatus
664 1620 727 1675 est.
779 1610 905 1675 Dehinc
931 1629 995 1695 qna
1020 1613 1251 1674 missionnrius
1275 1614 1306 1672 ln
1329 1607 1419 1695 ling²

152 1724 229 1790 lin·
262 1731 587 1813 transiit3attamen
620 1733 740 1794 timens
771 1729 813 1794 de
839 1735 971 1815 propria
994 1728 1169 1793 debilitate
1196 1723 1417 1812 periculisque

152 1843 313 1928 diversis,
346 1866 431 1932 quse
455 1851 618 1911 vocationi
646 1848 723 1912 hnio
748 1857 880 1912 sanetae
914 1856 966 1914 ast
997 1846 1194 1912 formidabili
1228 1845 1417 1923 adhaerent,

152 1962 356 2046 Neoportum
382 1969 414 2026 in
440 1963 592 2030 Flondris
614 1986 811 2052 regressus,
844 1965 1030 2052 ibidemque
1054 1967 1319 2046 cartusiensium
1345 1984 1418 2048 pro-

152 2078 265 2141 fessus
291 2086 343 2141 est
367 2078 570 2164 religionem.
621 2080 713 2143 Obiit
734 2084 776 2146 :tr
804 2083 975 2145 Decembr.
1004 2083 1095 2148 1675
1121 2089 1198 2166 post
1218 2087 1315 2146 vitam
1337 2103 1417 2145 vere

153 2192 391 2280 exemplarem,
428 2215 494 2281 qun
519 2193 654 2260 durante
680 2206 834 2261 strenuus
860 2197 997 2284 regulae
1025 2198 1239 2279 observator,
1276 2198 1417 2262 bonores

153 2312 285 2400 fugiens
311 2311 437 2377 fervide
462 2312 653 2383 andevote
685 2319 846 2398 poetieam
873 2314 960 2380 illam
986 2315 1125 2404 indolem
1153 2313 1299 2398 colebat,
1335 2337 1418 2402 quae

151 2428 308 2496 naturalis
336 2438 368 2494 et
393 2436 502 2496 innata
535 2436 599 2516 ipsi
632 2432 814 2498 videbatur.
867 2433 995 2520 Opere,
1030 2455 1113 2519 quse
1146 2440 1284 2523 scripsit
1318 2437 1419 2500 multo

151 2557 185 2614 et
212 2553 349 2614 maxime
375 2569 528 2615 sermone
553 2548 664 2634 latino,
695 2558 858 2616 vocationi
885 2553 1194 2640 correspondebnnt.
1220 2592 1263 2602 -
1294 2553 1417 2620 Eorum

150 2673 327 2752 praecipua
351 2666 457 2731 adhue
476 2666 612 2732 residua
631 2677 723 2734 sunt:
748 2676 783 2747 a)
810 2671 988 2754 Christiane,
1017 2673 1054 2749 b)
1078 2680 1218 2758 quatuor
1241 2673 1280 2737 de
1304 2680 1417 2740 imitat.

150 2785 273 2850 Christi
298 2783 373 2848 libri
397 2783 526 2849 dambis
552 2784 662 2868 latim,
689 2789 723 2871 o)
750 2789 972 2871 miscellaneo,
999 2791 1035 2868 d)
1062 2792 1251 2856 dissertatio
1278 2792 1318 2856 de
1346 2793 1415 2880 dig-

149 2908 251 2968 nitate
279 2901 510 2967 confessarii.“

256 3020 307 3086 De
333 3022 490 3108 operibus
522 3026 554 3086 in
585 3021 744 3088 ambabus
776 3024 886 3090 literis
919 3030 1119 3088 enumeratis
1151 3027 1250 3090 hodie
1284 3033 1415 3091 extant:

151 3138 378 3205 Christins
410 3147 444 3204 et
477 3161 593 3225 poenus
618 3140 784 3229 anglicum
808 3141 889 3224 „the
913 3163 1022 3206 orown
1050 3142 1087 3205 ni
1110 3142 1247 3207 thorns“
1276 3147 1417 3227 (corona

150 3263 301 3343 spinea),
334 3258 419 3343 qnod
447 3257 575 3344 quidem
603 3259 853 3348 outhngrapbnu
880 3261 1030 3326 authoris
1057 3265 1088 3323 in
1114 3261 1317 3328 bibliothece
1344 3263 1414 3328 Lib.

149 3376 270 3441 Boron.
296 3375 336 3440 de
362 3374 484 3440 llnrold
511 3383 657 3464 reperire
686 3386 748 3443 est.

254 3491 472 3560 Christlndem
499 3502 641 3560 nostram
668 3494 842 3580 complevit
867 3495 987 3559 author
1012 3517 1095 3561 anno
1124 3497 1225 3582 1650,
1254 3505 1289 3562 et
1313 3497 1417 3563 edidit

148 3617 180 3676 in
206 3610 314 3678 lucem
344 3613 445 3681 167⁰.
496 3594 743 3699 Anno⁹quoqne
776 3613 868 3680 1708
892 3613 991 3678 editio
1014 3614 1113 3699 hujus
1138 3624 1302 3700 poematis
1325 3617 1416 3684 fecte

149 3738 221 3815 est,
249 3752 379 3818 exque
405 3740 552 3817 tempore
578 3754 663 3817 opus
690 3737 862 3820 egregium
894 3733 1043 3798 manibus
1074 3741 1137 3799 tom
1173 3739 1314 3800 virorum
1340 3756 1417 3801 eru-

150 3848 290 3916 ditorurir
316 3871 410 3936 quam
432 3851 616 3937 juventutis
644 3852 813 3918 studiosae
840 3851 973 3918 multum
999 3858 1109 3918 tritum
1135 3859 1196 3916 est.

256 3967 444 4034 Liternturn
469 3969 673 4035 Christiados
699 3991 799 4056 paren
822 3970 991 4036 admodum
1016 3979 1079 4035 est.

254 4087 328 4155 Lib.
354 4088 441 4153 Baro
467 4087 653 4155 Edmundus
685 4088 727 4154 tle
751 4087 876 4156 llarold
901 4087 1041 4153 reddidit
1066 4092 1168 4150 totum
1196 4107 1314 4170 poema
1343 4105 1414 4152 ver·-
