3056 4758
125 227 255 278 ιιι-ιιι
657 223 768 276 ornan
792 223 849 276 xv:
1319 237 1391 306 m
1516 173 1519 204 ⁴

209 409 332 474 Pascat
358 429 440 474 ores
466 407 654 496 multosque
680 413 768 495 patri
792 408 970 476 famuletur
993 417 1026 478 in
1053 430 1168 480 anuos.

207 505 362 594 Aspicis,
389 514 425 572 ut
450 506 581 572 tandem
605 528 780 573 numerosa
804 505 898 593 prole
924 507 1057 592 beatus,

207 605 301 670 Onus
328 610 435 672 crucis
462 609 605 669 innitens
630 604 748 670 baculo
777 612 964 670 tranaverat
990 607 1112 691 undas,

129 735 141 754 ·
207 701 398 768 Caelestum
424 709 555 788 gemina
580 710 708 788 repetat
734 708 886 788 cingente
910 707 1057 770 coronal>

204 801 323 864 Nonne
347 799 441 864 vides
459 821 578 865 uerum
605 800 765 886 Moysen,
792 806 848 884 qui
875 799 1016 866 culmina
1040 808 1163 870 montis

205 897 363 962 Aetherei
389 897 560 984 linquens,
587 907 707 985 gentes
732 918 794 962 sua
813 899 892 982 jura
923 918 981 982 per
1008 921 1121 966 omnes

203 996 340 1084 Legiter
366 997 538 1077 extendet,
565 1016 675 1061 merso
701 995 890 1081 Pharaone,
916 1016 976 1082 per
1000 997 1103 1064 undas

203 1092 383 1182 Sanguinis
408 1095 506 1159 effusi
529 1091 667 1158 reduces
692 1099 723 1157 in
750 1098 857 1178 putria
882 1114 988 1180 regua

202 1191 395 1256 Transferat
420 1189 599 1256 lsncidas?
624 1190 738 1272 viden,
766 1198 802 1253 ut
828 1189 1005 1256 famulante
1032 1194 1182 1260 subactis

202 1288 349 1354 Aethere
375 1289 547 1354 Nnniades
574 1293 680 1353 victor
703 1288 788 1375 pede
816 1285 903 1352 colla
927 1296 1072 1372 tyrannis

201 1386 315 1454 Calcat
333 1396 374 1451 'et
399 1386 542 1452 infausto
568 1407 752 1471 suspensos
779 1383 899 1450 robore
926 1388 1070 1470 perdat?

201 1485 341 1573 Singula
367 1483 443 1570 quid
467 1488 669 1551 memorem?
695 1483 822 1548 mediae
848 1483 911 1548 rub
936 1493 1085 1572 tempora
1111 1492 1219 1552 rroctis

200 1583 366 1647 Daniades
393 1603 507 1648 somno
534 1602 696 1664 excusso,
722 1585 850 1646 cervice
882 1581 1035 1648 revulsas

199 1681 321 1746 lnlidae
347 1689 459 1766 portas
483 1684 649 1744 renovatis
674 1679 802 1744 viribus
829 1678 919 1744 urbis

200 1776 342 1843 Sustulit
360 1777 435 1852 alta
460 1785 578 1864 petens
604 1777 786 1862 avidosque
811 1775 950 1842 illudere
976 1783 1071 1860 capto

198 1874 377 1963 Oppressit
401 1881 543 1940 moriens
569 1875 697 1940 hostes.
749 1872 826 1939 dem
852 1873 955 1939 Saule
980 1882 1153 1962 perempto

196 1973 355 2038 dessides
380 1993 483 2060 regno
507 1978 631 2058 potitur
657 1972 844 2056 charusque
870 1977 997 2056 parenti

198 2070 344 2137 Aeterno
372 2071 545 2152 Salomon,
571 2079 707 2135 aeterna
730 2089 810 2153 pace
835 2068 1021 2154 triumphat.

198 2169 274 2234 Oua
301 2176 353 2248 te,
380 2190 445 2253 qua
472 2173 558 2256 grati
583 2167 736 2233 tollemus
763 2165 802 2230 ad
830 2166 967 2230 aethera
990 2165 1104 2248 laude,

198 2267 284 2330 Crux
311 2265 396 2330 coeli
423 2265 545 2331 clavis!
570 2265 651 2330 nulli
677 2262 876 2349 superabilis
905 2283 980 2328 arca

197 2363 348 2442 Diluvio,
378 2371 474 2451 capto
501 2383 563 2428 non
592 2361 973 2428 extricabilishamus·

198 2462 423 2546 Laeviathae,
452 2470 581 2526 scutum
608 2461 752 2542 dosuiis,
779 2460 850 2524 Tau
876 2459 1015 2525 vindicis
1040 2461 1196 2542 aethrae,

199 2559 423 2645 Sanguineum
449 2579 611 2623 revocans
636 2563 771 2646 signato
798 2564 965 2624 avertice
991 2556 1133 2624 terrum!

197 2655 316 2738 Salve,
344 2657 455 2721 Palma
482 2661 610 2738 virens,
638 2676 733 2740 quam
759 2676 903 2739 sponsae
929 2675 1090 2722 accensus
1115 2676 1226 2722 amore

199 2753 358 2818 Ascendit
383 2774 545 2840 sponsus,
572 2752 684 2816 felicia
708 2773 821 2837 poma,
851 2754 965 2818 beatas

196 2851 360 2917 Lecturus
386 2851 501 2939 fruges
528 2859 643 2913 contra
667 2849 784 2914 furiale
814 2870 974 2915 venenum

197 2949 349 3014 Tartarei
376 2949 501 3014 colubri
528 2957 564 3012 et
589 2953 677 3012 vetiti
705 2951 859 3034 contagia
885 2952 979 3033 pomi.

197 3045 316 3132 Salve,
343 3045 500 3112 coelestis
529 3045 613 3109 botri
639 3045 802 3126 torcular,
830 3043 961 3129 Olympi

197 3141 296 3208 Scala
320 3145 524 3229 thronusque
553 3143 634 3224 Dei,
660 3143 817 3208 tumidum
844 3144 1026 3230 frangentis
1054 3141 1240 3223 Avernum,

197 3240 420 3306 christiadum
446 3240 581 3322 schola,
608 3240 761 3306 vexillum
787 3247 922 3306 victoris
948 3249 982 3304 et
1008 3238 1075 3306 Ara

197 3339 370 3403 Paschalis
397 3339 582 3403 veneranda
605 3337 711 3426 Agni,
735 3337 870 3403 Cithara
894 3358 1010 3420 aurea,
1040 3338 1149 3402 Ditem

196 3435 364 3502 Mentibus
391 3441 581 3517 excutiens,
609 3435 749 3502 Assueri
776 3443 872 3524 virga
898 3437 1049 3502 laventis.

294 3631 509 3716 Obstupuere
535 3634 653 3694 animis
679 3629 804 3713 etjam
829 3631 1005 3699 manifesta
1031 3631 1196 3715 fatentur,

197 3727 291 3791 (luae
316 3726 447 3794 nebulis
474 3724 620 3808 inclusa,
646 3727 839 3816 ambagibus
867 3728 993 3810 abdita,
1021 3738 1147 3816 patrum

196 3824 334 3912 lagenia
359 3834 394 3890 et
415 3825 543 3892 scribas
569 3824 655 3912 legis
682 3833 810 3891 torsere
836 3832 973 3910 peritos.

196 3920 307 4007 Atque
333 3922 388 3986 hic
413 3923 563 4011 (legiferi
591 3943 711 4012 magna
735 3925 940 4013 indulgentia
967 3929 1052 3990 vatis

196 4018 409 4085 Cunctantem
432 4021 586 4105 impellit)
613 4020 783 4091 Nicodemi
809 4022 947 4090 audacia
972 4018 1051 4086 felix
