3082 4746
639 153 881 212 cultastintios

212 343 332 407 Omnia
356 341 564 406 flammivomi
587 337 730 407 inculcat
752 345 913 415 fermenta
935 339 1096 424 profundi.

214 440 313 505 Parte
341 439 408 504 alia
431 439 519 504 flecti
542 437 652 504 facilis
679 458 719 503 ne
746 447 822 505 ueta
847 442 999 526 magistri

214 539 280 623 Spe
306 541 424 601 veniae
445 537 551 601 affrrsa
574 541 681 620 pietas
707 544 758 605 tut
780 534 933 603 fluctibus
959 541 1062 605 actam

213 639 393 721 Cempnnat
417 642 557 701 mentem
584 633 781 718 fraudesque
807 631 939 699 eludere
965 641 1088 712 uertet,

212 733 284 800 Heu
311 737 440 800 nimium
464 737 598 816 memori
624 732 715 798 diras·
739 739 771 794 et
797 730 898 794 verbu
922 735 1097 797 minantis

211 833 321 918 Atque
348 836 497 894 intentati
524 836 648 913 repetit
671 833 848 914 praesagia
873 827 980 893 lethi.¹
1048 879 1051 884 ,

213 930 310 997 Quod
335 935 363 994 si
391 935 476 994 vieta
501 932 595 1014 gravi
621 925 761 993 reclinet
786 925 928 993 membra
953 945 1092 1010 sapere,

212 1028 383 1111 lmprohus
409 1026 572 1095 horrificis
598 1028 742 1108 sopitum
768 1029 896 1090 territat
922 1024 1056 1090 umbris.
1094 1061 1097 1070 ν

213 1126 254 1188 Et
280 1124 509 1208 desperantem
535 1129 679 1192 mactate.
701 1121 802 1192 fratre
829 1121 962 1186 Cainem

213 1221 412 1306 Infidumque
440 1219 613 1290 Gilonitem
639 1225 670 1284 in
698 1240 761 1286 sun
785 1219 854 1286 fata
878 1228 1050 1287 vocantem
1134 1281 1137 1288 ,

213 1319 338 1404 ijicit
364 1328 399 1383 et
424 1327 511 1383 torte
537 1324 756 1406 stringentem
777 1324 910 1406 guttura
936 1318 1029 1382 nodo.

101 1457 113 1478 .
153 1455 155 1462 ·
213 1418 295 1482 Tum
321 1437 400 1483 vern
428 1415 543 1484 infelix
569 1415 820 1502 pesti-devotus
844 1414 951 1480 dudae

213 1515 358 1586 Turbata
380 1521 506 1586 ratione
531 1514 628 1595 furit,
659 1513 863 1600 scelerisque
889 1518 1008 1598 suique

212 1611 388 1698 Impatiens
414 1619 528 1678 merite
558 1620 687 1697 quaerit
711 1633 749 1676 se
774 1617 970 1698 extinguere
998 1612 1111 1678 lethe-
1175 1655 1203 1667 --
1272 1632 1297 1652 ·’

212 1711 394 1797 Praecipue
419 1710 546 1797 quande
575 1711 719 1795 Caiphae
746 1717 884 1774 ventura
910 1715 1049 1773 minatur

213 1809 295 1874 Fata
320 1809 431 1888 Deus,
456 1809 694 1893 scelerumque
714 1813 804 1872 vices
827 1805 984 1892 aliudque
1007 1805 1187 1888 tribunal,⁴

214 1907 375 1972 Conscius
401 1906 484 1970 haec
511 1913 542 1971 in
569 1927 606 1970 se
632 1906 754 1970 vibrari
779 1902 913 1970 fulmina
936 1904 1058 1988 credit,
1142 1968 1148 1974 .

214 2005 257 2070 Et
280 2003 350 2069 dira
372 2013 510 2069 mentem
536 2024 672 2088 pressus
697 2002 890 2083 ferrumine,
916 2002 1039 2068 vultum

213 2103 355 2189 Dejicit,
383 2122 422 2168 ae
447 2101 586 2170 sceleris
610 2100 707 2185 fatali
732 2099 869 2168 herrore
896 2107 1091 2189 r·igeseens‚‘
1121 2113 1146 2161 »¹

215 2200 301 2266 Quis
327 2201 402 2266 finis
428 2200 533 2283 fandi,
560 2219 734 2284 procerum
759 2209 945 2283 quocasca
970 2199 1098 2264 &rann

214 2298 356 2381 Invidia,
383 2302 547 2362 insontem
573 2313 732 2380 quaenam
755 2295 888 2362 fortuna
914 2303 1116 2380 sequentum.
1148 2351 1153 2359 .

214 2395 342 2461 Anxius
369 2401 530 2479 expectat.
580 2393 778 2456 Damnatum
805 2393 1005 2478 eridanique
1032 2391 1206 2458 Christum

216 2492 345 2577 Aspicit
370 2500 404 2558 et
429 2492 519 2556 duris
546 2489 722 2576 religatum
750 2489 886 2556 brachia
911 2488 1028 2554 vinclis

213 2591 345 2658 Judieis
370 2589 509 2654 Ausonii
532 2607 636 2650 saeva
660 2587 891 2670 adpraetoria
916 2587 1007 2668 duci,

214 2688 289 2753 Nec
314 2707 393 2751 sese
419 2694 455 2750 ut
479 2684 655 2770 qnondam,
684 2685 834 2752 manibus
855 2684 923 2770 jam
950 2685 1035 2752 velle
1062 2693 1229 2752 tenentum

213 2785 353 2867 Eripere
378 2791 437 2850 aut·
459 2787 652 2852 immaturae
678 2784 862 2850 subducere
888 2789 1000 2850 morti:
1102 2837 1107 2846 ,

213 2879 356 2945 Aestuat
381 2880 495 2948 infelix
523 2890 556 2950 et
581 2888 662 2950 tanti
689 2881 837 2948 funditus
858 2903 983 2949 omnem

215 2979 381 3066 Desperat
406 2979 543 3046 sceleris
568 2987 706 3050 veniam.
757 2979 950 3064 Numquae
976 2977 1053 3044 mihi
1079 2975 1216 3048 tandem·

215 3075 299 3161 Spes
326 3083 445 3143 misere
470 3081 652 3164 superest?
677 3083 706 3140 si
732 3085 796 3140 tam
823 3077 944 3143 festina
969 3079 1097 3142 cruoris

214 3175 327 3241 Intacti
354 3197 508 3263 proceres
533 3181 638 3260 rapiat
663 3178 738 3238 sitis
765 3172 873 3238 ullane
895 3171 1022 3255 justas

215 3273 365 3340 Criminis
392 3275 513 3340 infundi
543 3272 650 3336 tardet
674 3271 845 3338 clementia
870 3269 1020 3355 peenas?

214 3369 277 3434 llei
300 3373 393 3436 mihi!
427 3371 575 3436 damnate
601 3368 658 3432 lux
685 3369 770 3432 haee
794 3387 948 3452 suprema
974 3373 1132 3454 magistre
1155 3378 1220 3448 est,

214 3468 257 3533 Et
282 3489 411 3551 sperem
438 3469 647 3553 superesse?
673 3464 748 3552 quid
774 3464 994 3550 impendentia
1019 3486 1139 3532 vecors

214 3564 363 3630 Fulmina
388 3574 422 3628 et
447 3565 595 3629 ultricem
624 3563 805 3630 cunctando
832 3561 983 3628 demoror
1009 3567 1149 3628 urnam?

215 3659 354 3728 Reddite
383 3661 550 3743 crudeles,
577 3668 717 3745 emptum
742 3662 819 3726 mihi
846 3660 971 3726 reddite
998 3661 1172 3726 Christum.

215 3760 263 3824 En
290 3781 404 3824 numos
431 3758 618 3844 scelerique
643 3778 713 3824 men
740 3759 817 3824 datu
842 3764 985 3845 praemia
1010 3757 1124 3824 redde.

216 3856 389 3924 Cutinam
414 3857 539 3924 infandi
564 3862 671 3940 pretia
698 3877 891 3942 quecunque
918 3856 1051 3920 duretur

217 3954 396 4020 Herrorem
421 3954 580 4037 sceleris,
608 3973 801 4042 quecunque
825 3953 969 4020 evadere
996 3950 1087 4017 fato!

217 4049 309 4118 Vana
332 4074 469 4140 queror:
497 4057 628 4136 rapiunt
654 4052 743 4144 avidi
765 4059 841 4118 vota
866 4055 959 4118 irritu
983 4054 1080 4117 uenti.
1142 4084 1144 4092 ν
