<?xml version="1.0" encoding="UTF-8"?>
<!DOCTYPE html PUBLIC "-//W3C//DTD XHTML 1.0 Transitional//EN"
    "http://www.w3.org/TR/xhtml1/DTD/xhtml1-transitional.dtd">
<html xmlns="http://www.w3.org/1999/xhtml" xml:lang="en" lang="en">
 <head>
  <title>
</title>
<meta http-equiv="Content-Type" content="text/html;charset=utf-8" />
  <meta name='ocr-system' content='tesseract 3.04.00' />
  <meta name='ocr-capabilities' content='ocr_page ocr_carea ocr_par ocr_line ocrx_word'/>
</head>
<body>
  <div class='ocr_page' id='page_1' title='image "./christiadoslibr00waltgoog_0341.png"; bbox 0 0 3056 4758; ppageno 0'>
   <div class='ocr_carea' id='block_1_1' title="bbox 629 227 870 284">
    <p class='ocr_par' dir='ltr' id='par_1_1' title="bbox 629 227 870 284">
     <span class='ocr_line' id='line_1_1' title="bbox 629 227 870 284; baseline 0.017 -4"><span class='ocrx_word' id='word_1_1' title='bbox 629 227 870 284; x_wconf 72' lang='lat' dir='ltr'><strong>cuais&#39;ttsuns</strong></span> 
     </span>
    </p>
   </div>
   <div class='ocr_carea' id='block_1_2' title="bbox 202 412 1199 2056">
    <p class='ocr_par' dir='ltr' id='par_1_2' title="bbox 205 412 1060 600">
     <span class='ocr_line' id='line_1_2' title="bbox 205 412 1060 498; baseline -0.001 -16"><span class='ocrx_word' id='word_1_2' title='bbox 205 413 361 498; x_wconf 84' lang='lat' dir='ltr'><strong>Fercula,</strong></span> <span class='ocrx_word' id='word_1_3' title='bbox 389 412 552 496; x_wconf 73' lang='lat' dir='ltr'><strong>conclusi,</strong></span> <span class='ocrx_word' id='word_1_4' title='bbox 581 417 680 478; x_wconf 86' lang='lat' dir='ltr'><strong>variis</strong></span> <span class='ocrx_word' id='word_1_5' title='bbox 702 414 910 480; x_wconf 71' lang='lat' dir='ltr'>sermonibus</span> <span class='ocrx_word' id='word_1_6' title='bbox 936 435 1060 482; x_wconf 76' lang='lat' dir='ltr'><strong>ominem</strong></span> 
     </span>
     <span class='ocr_line' id='line_1_3' title="bbox 206 509 988 600; baseline -0.003 -21"><span class='ocrx_word' id='word_1_7' title='bbox 206 514 385 580; x_wconf 84' lang='lat' dir='ltr'><strong>Historiam</strong></span> <span class='ocrx_word' id='word_1_8' title='bbox 411 509 491 576; x_wconf 83' lang='lat' dir='ltr'><strong>latbi</strong></span> <span class='ocrx_word' id='word_1_9' title='bbox 518 509 662 576; x_wconf 88' lang='lat' dir='ltr'><strong>crudelis</strong></span> <span class='ocrx_word' id='word_1_10' title='bbox 688 518 722 575; x_wconf 92' lang='lat' dir='ltr'><strong>et</strong></span> <span class='ocrx_word' id='word_1_11' title='bbox 744 519 815 576; x_wconf 85' lang='lat' dir='ltr'><strong>atra</strong></span> <span class='ocrx_word' id='word_1_12' title='bbox 840 517 988 600; x_wconf 74' lang='lat' dir='ltr'><strong>magistri</strong></span> 
     </span>
    </p>

    <p class='ocr_par' dir='ltr' id='par_1_3' title="bbox 204 607 1122 679">
     <span class='ocr_line' id='line_1_4' title="bbox 204 607 1122 679; baseline -0.001 -4"><span class='ocrx_word' id='word_1_13' title='bbox 204 611 288 676; x_wconf 85' lang='lat' dir='ltr'><strong>Fata</strong></span> <span class='ocrx_word' id='word_1_14' title='bbox 313 610 535 675; x_wconf 84' lang='lat' dir='ltr'><strong>rerrnrrnbant.</strong></span> <span class='ocrx_word' id='word_1_15' title='bbox 587 607 740 672; x_wconf 85' lang='lat' dir='ltr'><strong>Moestos</strong></span> <span class='ocrx_word' id='word_1_16' title='bbox 766 613 1011 674; x_wconf 86' lang='lat' dir='ltr'><strong>moestissimus</strong></span> <span class='ocrx_word' id='word_1_17' title='bbox 1035 614 1122 679; x_wconf 86' lang='lat' dir='ltr'><strong>inter</strong></span> 
     </span>
    </p>

    <p class='ocr_par' dir='ltr' id='par_1_4' title="bbox 204 705 1062 890">
     <span class='ocr_line' id='line_1_5' title="bbox 204 705 1062 792; baseline -0.002 -18"><span class='ocrx_word' id='word_1_18' title='bbox 204 709 231 774; x_wconf 79' lang='lat' dir='ltr'><strong>ll</strong></span> <span class='ocrx_word' id='word_1_19' title='bbox 258 706 394 772; x_wconf 86' lang='lat' dir='ltr'><strong>latebris</strong></span> <span class='ocrx_word' id='word_1_20' title='bbox 419 725 522 792; x_wconf 80' lang='lat' dir='ltr'><strong>aegre</strong></span> <span class='ocrx_word' id='word_1_21' title='bbox 549 712 717 769; x_wconf 86' lang='lat' dir='ltr'><strong>extructus</strong></span> <span class='ocrx_word' id='word_1_22' title='bbox 743 705 958 790; x_wconf 72' lang='lat' dir='ltr'><strong>consederat,</strong></span> <span class='ocrx_word' id='word_1_23' title='bbox 984 706 1062 772; x_wconf 89' lang='lat' dir='ltr'><strong>altis</strong></span> 
     </span>
     <span class='ocr_line' id='line_1_6' title="bbox 205 803 979 890; baseline -0.005 -20"><span class='ocrx_word' id='word_1_24' title='bbox 205 806 396 890; x_wconf 82' lang='lat' dir='ltr'><strong>Oppressus</strong></span> <span class='ocrx_word' id='word_1_25' title='bbox 422 806 511 866; x_wconf 82' lang='lat' dir='ltr'><strong>curis</strong></span> <span class='ocrx_word' id='word_1_26' title='bbox 537 803 657 866; x_wconf 86' lang='lat' dir='ltr'><strong>Petrus</strong></span> <span class='ocrx_word' id='word_1_27' title='bbox 682 806 818 887; x_wconf 82' lang='lat' dir='ltr'>rivoque</span> <span class='ocrx_word' id='word_1_28' title='bbox 845 809 979 886; x_wconf 89' lang='lat' dir='ltr'><strong>perenni</strong></span> 
     </span>
    </p>

    <p class='ocr_par' dir='ltr' id='par_1_5' title="bbox 202 898 1184 1086">
     <span class='ocr_line' id='line_1_7' title="bbox 202 898 1184 987; baseline -0.001 -20"><span class='ocrx_word' id='word_1_29' title='bbox 202 903 370 968; x_wconf 87' lang='lat' dir='ltr'><strong>Aucturus</strong></span> <span class='ocrx_word' id='word_1_30' title='bbox 396 904 547 964; x_wconf 89' lang='lat' dir='ltr'><strong>comitum</strong></span> <span class='ocrx_word' id='word_1_31' title='bbox 574 898 741 980; x_wconf 78' lang='lat' dir='ltr'><strong>lacrimas,</strong></span> <span class='ocrx_word' id='word_1_32' title='bbox 767 921 841 964; x_wconf 91' lang='lat' dir='ltr'><strong>oum</strong></span> <span class='ocrx_word' id='word_1_33' title='bbox 866 899 1030 987; x_wconf 83' lang='lat' dir='ltr'><strong>Magdslis</strong></span> <span class='ocrx_word' id='word_1_34' title='bbox 1056 920 1184 966; x_wconf 76' lang='lat' dir='ltr'><strong>omnem</strong></span> 
     </span>
     <span class='ocr_line' id='line_1_8' title="bbox 202 999 1067 1086; baseline -0.006 -20"><span class='ocrx_word' id='word_1_35' title='bbox 202 1001 278 1068; x_wconf 83' lang='lat' dir='ltr'><strong>Jem</strong></span> <span class='ocrx_word' id='word_1_36' title='bbox 304 1016 479 1086; x_wconf 83' lang='lat' dir='ltr'><strong>permensa</strong></span> <span class='ocrx_word' id='word_1_37' title='bbox 502 1000 602 1077; x_wconf 87' lang='lat' dir='ltr'><strong>viam,</strong></span> <span class='ocrx_word' id='word_1_38' title='bbox 629 1005 726 1059; x_wconf 83' lang='lat' dir='ltr'><strong>notos</strong></span> <span class='ocrx_word' id='word_1_39' title='bbox 751 999 905 1082; x_wconf 74' lang='lat' dir='ltr'><strong>ingressa</strong></span> <span class='ocrx_word' id='word_1_40' title='bbox 931 1006 1067 1081; x_wconf 86' lang='lat' dir='ltr'><strong>penates</strong></span> 
     </span>
    </p>

    <p class='ocr_par' dir='ltr' id='par_1_6' title="bbox 202 1093 1199 2056">
     <span class='ocr_line' id='line_1_9' title="bbox 203 1093 1157 1182; baseline -0.005 -19"><span class='ocrx_word' id='word_1_41' title='bbox 203 1098 246 1163; x_wconf 86' lang='lat' dir='ltr'><strong>Et</strong></span> <span class='ocrx_word' id='word_1_42' title='bbox 271 1096 394 1161; x_wconf 86' lang='lat' dir='ltr'><strong>vultum</strong></span> <span class='ocrx_word' id='word_1_43' title='bbox 420 1093 570 1176; x_wconf 78' lang='lat' dir='ltr'><strong>lacrymis</strong></span> <span class='ocrx_word' id='word_1_44' title='bbox 596 1094 741 1174; x_wconf 80' lang='lat' dir='ltr'><strong>suffusa,</strong></span> <span class='ocrx_word' id='word_1_45' title='bbox 767 1101 955 1180; x_wconf 88' lang='lat' dir='ltr'><strong>metumque</strong></span> <span class='ocrx_word' id='word_1_46' title='bbox 979 1093 1157 1182; x_wconf 81' lang='lat' dir='ltr'><strong>fugamque</strong></span> 
     </span>
     <span class='ocr_line' id='line_1_10' title="bbox 203 1188 1115 1279; baseline -0.005 -18"><span class='ocrx_word' id='word_1_47' title='bbox 203 1197 366 1279; x_wconf 84' lang='lat' dir='ltr'><strong>Exposuit</strong></span> <span class='ocrx_word' id='word_1_48' title='bbox 392 1189 546 1278; x_wconf 76' lang='lat' dir='ltr'><strong>vigiium3</strong></span> <span class='ocrx_word' id='word_1_49' title='bbox 572 1188 734 1255; x_wconf 87' lang='lat' dir='ltr'><strong>divulsum</strong></span> <span class='ocrx_word' id='word_1_50' title='bbox 758 1210 777 1254; x_wconf 87' lang='lat' dir='ltr'><strong>a</strong></span> <span class='ocrx_word' id='word_1_51' title='bbox 801 1189 910 1256; x_wconf 90' lang='lat' dir='ltr'><strong>limine</strong></span> <span class='ocrx_word' id='word_1_52' title='bbox 937 1190 1115 1256; x_wconf 83' lang='lat' dir='ltr'><strong>claustrum</strong></span> 
     </span>
     <span class='ocr_line' id='line_1_11' title="bbox 203 1285 1104 1373; baseline -0.004 -15"><span class='ocrx_word' id='word_1_53' title='bbox 203 1289 404 1358; x_wconf 84' lang='lat' dir='ltr'><strong>Coelicolum</strong></span> <span class='ocrx_word' id='word_1_54' title='bbox 431 1285 618 1370; x_wconf 83' lang='lat' dir='ltr'><strong>impellente</strong></span> <span class='ocrx_word' id='word_1_55' title='bbox 645 1307 757 1370; x_wconf 90' lang='lat' dir='ltr'><strong>manu,</strong></span> <span class='ocrx_word' id='word_1_56' title='bbox 784 1287 843 1350; x_wconf 80' lang='lat' dir='ltr'><strong>sed</strong></span> <span class='ocrx_word' id='word_1_57' title='bbox 870 1287 959 1352; x_wconf 91' lang='lat' dir='ltr'><strong>nulla</strong></span> <span class='ocrx_word' id='word_1_58' title='bbox 983 1288 1104 1373; x_wconf 78' lang='lat' dir='ltr'><strong>sepulti</strong></span> 
     </span>
     <span class='ocr_line' id='line_1_12' title="bbox 204 1382 1108 1474; baseline -0.004 -20"><span class='ocrx_word' id='word_1_59' title='bbox 204 1390 362 1474; x_wconf 85' lang='lat' dir='ltr'><strong>Corporis</strong></span> <span class='ocrx_word' id='word_1_60' title='bbox 389 1385 507 1450; x_wconf 88' lang='lat' dir='ltr'><strong>indicia</strong></span> <span class='ocrx_word' id='word_1_61' title='bbox 532 1403 704 1470; x_wconf 87' lang='lat' dir='ltr'><strong>apparere.</strong></span> <span class='ocrx_word' id='word_1_62' title='bbox 754 1382 821 1448; x_wconf 84' lang='lat' dir='ltr'><strong>Aut</strong></span> <span class='ocrx_word' id='word_1_63' title='bbox 846 1391 975 1450; x_wconf 89' lang='lat' dir='ltr'><strong>numine</strong></span> <span class='ocrx_word' id='word_1_64' title='bbox 1002 1385 1108 1450; x_wconf 90' lang='lat' dir='ltr'><strong>divum</strong></span> 
     </span>
     <span class='ocr_line' id='line_1_13' title="bbox 204 1479 1018 1570; baseline -0.004 -19"><span class='ocrx_word' id='word_1_65' title='bbox 204 1482 377 1570; x_wconf 79' lang='lat' dir='ltr'><strong>Sacrilego</strong></span> <span class='ocrx_word' id='word_1_66' title='bbox 405 1491 462 1546; x_wconf 88' lang='lat' dir='ltr'><strong>aut</strong></span> <span class='ocrx_word' id='word_1_67' title='bbox 487 1482 575 1546; x_wconf 80' lang='lat' dir='ltr'><strong>furto</strong></span> <span class='ocrx_word' id='word_1_68' title='bbox 604 1480 726 1547; x_wconf 83' lang='lat' dir='ltr'><strong>violato</strong></span> <span class='ocrx_word' id='word_1_69' title='bbox 750 1479 827 1564; x_wconf 87' lang='lat' dir='ltr'><strong>jure</strong></span> <span class='ocrx_word' id='word_1_70' title='bbox 849 1482 1018 1568; x_wconf 88' lang='lat' dir='ltr'><strong>sepulchri</strong></span> 
     </span>
     <span class='ocr_line' id='line_1_14' title="bbox 204 1577 1003 1647; baseline -0.004 0"><span class='ocrx_word' id='word_1_71' title='bbox 204 1581 352 1647; x_wconf 79' lang='lat' dir='ltr'><strong>Aveetos</strong></span> <span class='ocrx_word' id='word_1_72' title='bbox 378 1587 478 1644; x_wconf 85' lang='lat' dir='ltr'><strong>artus.</strong></span> <span class='ocrx_word' id='word_1_73' title='bbox 530 1579 646 1644; x_wconf 87' lang='lat' dir='ltr'><strong>Tantis</strong></span> <span class='ocrx_word' id='word_1_74' title='bbox 671 1582 703 1640; x_wconf 89' lang='lat' dir='ltr'><strong>in</strong></span> <span class='ocrx_word' id='word_1_75' title='bbox 730 1577 879 1644; x_wconf 83' lang='lat' dir='ltr'><strong>cladibus</strong></span> <span class='ocrx_word' id='word_1_76' title='bbox 906 1602 1003 1644; x_wconf 89' lang='lat' dir='ltr'><strong>unum</strong></span> 
     </span>
     <span class='ocr_line' id='line_1_15' title="bbox 203 1674 1129 1762; baseline -0.006 -17"><span class='ocrx_word' id='word_1_77' title='bbox 203 1678 382 1746; x_wconf 80' lang='lat' dir='ltr'><strong>Credebam</strong></span> <span class='ocrx_word' id='word_1_78' title='bbox 408 1696 590 1762; x_wconf 88' lang='lat' dir='ltr'><strong>superesse</strong></span> <span class='ocrx_word' id='word_1_79' title='bbox 615 1696 689 1740; x_wconf 92' lang='lat' dir='ltr'><strong>meo</strong></span> <span class='ocrx_word' id='word_1_80' title='bbox 715 1674 860 1740; x_wconf 88' lang='lat' dir='ltr'><strong>solamen</strong></span> <span class='ocrx_word' id='word_1_81' title='bbox 888 1681 1008 1759; x_wconf 87' lang='lat' dir='ltr'><strong>amori,</strong></span> <span class='ocrx_word' id='word_1_82' title='bbox 1126 1707 1129 1714; x_wconf 86' lang='lat'>.</span> 
     </span>
     <span class='ocr_line' id='line_1_16' title="bbox 202 1771 1146 1858; baseline -0.001 -16"><span class='ocrx_word' id='word_1_83' title='bbox 202 1776 246 1842; x_wconf 86' lang='lat' dir='ltr'><strong>tit</strong></span> <span class='ocrx_word' id='word_1_84' title='bbox 271 1775 405 1840; x_wconf 88' lang='lat' dir='ltr'><strong>charum</strong></span> <span class='ocrx_word' id='word_1_85' title='bbox 433 1773 577 1838; x_wconf 86' lang='lat' dir='ltr'><strong>lacrimis</strong></span> <span class='ocrx_word' id='word_1_86' title='bbox 603 1771 702 1836; x_wconf 84' lang='lat' dir='ltr'><strong>funus</strong></span> <span class='ocrx_word' id='word_1_87' title='bbox 728 1771 888 1857; x_wconf 87' lang='lat' dir='ltr'><strong>donisque</strong></span> <span class='ocrx_word' id='word_1_88' title='bbox 913 1772 1146 1858; x_wconf 80' lang='lat' dir='ltr'><strong>frequentans,</strong></span> 
     </span>
     <span class='ocr_line' id='line_1_17' title="bbox 203 1869 1067 1962; baseline -0.001 -24"><span class='ocrx_word' id='word_1_89' title='bbox 203 1875 368 1962; x_wconf 83' lang='lat' dir='ltr'><strong>Ingratum</strong></span> <span class='ocrx_word' id='word_1_90' title='bbox 393 1875 553 1935; x_wconf 84' lang='lat' dir='ltr'><strong>exanimis</strong></span> <span class='ocrx_word' id='word_1_91' title='bbox 581 1870 711 1934; x_wconf 87' lang='lat' dir='ltr'><strong>Domini</strong></span> <span class='ocrx_word' id='word_1_92' title='bbox 737 1869 775 1933; x_wconf 86' lang='lat' dir='ltr'><strong>ad</strong></span> <span class='ocrx_word' id='word_1_93' title='bbox 804 1875 945 1958; x_wconf 81' lang='lat' dir='ltr'><strong>vestigia</strong></span> <span class='ocrx_word' id='word_1_94' title='bbox 967 1877 1067 1936; x_wconf 84' lang='lat' dir='ltr'><strong>vitam</strong></span> 
     </span>
     <span class='ocr_line' id='line_1_18' title="bbox 204 1966 1199 2056; baseline -0.003 -21"><span class='ocrx_word' id='word_1_95' title='bbox 204 1970 381 2050; x_wconf 84' lang='lat' dir='ltr'><strong>Exuerem,</strong></span> <span class='ocrx_word' id='word_1_96' title='bbox 407 1976 442 2031; x_wconf 87' lang='lat' dir='ltr'><strong>et</strong></span> <span class='ocrx_word' id='word_1_97' title='bbox 469 1973 609 2032; x_wconf 85' lang='lat' dir='ltr'><strong>miserae</strong></span> <span class='ocrx_word' id='word_1_98' title='bbox 635 1966 699 2030; x_wconf 93' lang='lat' dir='ltr'><strong>hoc</strong></span> <span class='ocrx_word' id='word_1_99' title='bbox 724 1973 821 2033; x_wconf 88' lang='lat' dir='ltr'><strong>etiam</strong></span> <span class='ocrx_word' id='word_1_100' title='bbox 849 1988 925 2032; x_wconf 89' lang='lat' dir='ltr'><strong>sors</strong></span> <span class='ocrx_word' id='word_1_101' title='bbox 950 1967 1031 2034; x_wconf 87' lang='lat' dir='ltr'><strong>dura</strong></span> <span class='ocrx_word' id='word_1_102' title='bbox 1057 1973 1199 2056; x_wconf 78' lang='lat' dir='ltr'><strong>negavit.</strong></span> 
     </span>
    </p>
   </div>
   <div class='ocr_carea' id='block_1_3' title="bbox 199 2161 1215 4195">
    <p class='ocr_par' dir='ltr' id='par_1_7' title="bbox 199 2161 1215 4195">
     <span class='ocr_line' id='line_1_19' title="bbox 301 2161 1109 2248; baseline -0.002 -20"><span class='ocrx_word' id='word_1_103' title='bbox 301 2162 400 2228; x_wconf 83' lang='lat' dir='ltr'><strong>Plura</strong></span> <span class='ocrx_word' id='word_1_104' title='bbox 425 2162 518 2229; x_wconf 90' lang='lat' dir='ltr'><strong>dolor</strong></span> <span class='ocrx_word' id='word_1_105' title='bbox 543 2162 728 2248; x_wconf 86' lang='lat' dir='ltr'><strong>desperatis</strong></span> <span class='ocrx_word' id='word_1_106' title='bbox 746 2161 816 2246; x_wconf 88' lang='lat' dir='ltr'><strong>jam</strong></span> <span class='ocrx_word' id='word_1_107' title='bbox 841 2161 982 2248; x_wconf 91' lang='lat' dir='ltr'><strong>denique</strong></span> <span class='ocrx_word' id='word_1_108' title='bbox 1007 2163 1109 2228; x_wconf 86' lang='lat' dir='ltr'><strong>rebus</strong></span> 
     </span>
     <span class='ocr_line' id='line_1_20' title="bbox 201 2260 977 2348; baseline -0.003 -21"><span class='ocrx_word' id='word_1_109' title='bbox 201 2262 373 2348; x_wconf 87' lang='lat' dir='ltr'><strong>Raptaque</strong></span> <span class='ocrx_word' id='word_1_110' title='bbox 400 2281 522 2326; x_wconf 86' lang='lat' dir='ltr'><strong>vesano</strong></span> <span class='ocrx_word' id='word_1_111' title='bbox 547 2265 656 2345; x_wconf 88' lang='lat' dir='ltr'><strong>pietas</strong></span> <span class='ocrx_word' id='word_1_112' title='bbox 683 2281 796 2325; x_wconf 89' lang='lat' dir='ltr'><strong>errore</strong></span> <span class='ocrx_word' id='word_1_113' title='bbox 823 2260 977 2347; x_wconf 82' lang='lat' dir='ltr'><strong>parabat,</strong></span> 
     </span>
     <span class='ocr_line' id='line_1_21' title="bbox 203 2357 1127 2444; baseline -0.001 -20"><span class='ocrx_word' id='word_1_114' title='bbox 203 2359 283 2424; x_wconf 80' lang='lat' dir='ltr'><strong>Cum</strong></span> <span class='ocrx_word' id='word_1_115' title='bbox 311 2359 458 2444; x_wconf 92' lang='lat' dir='ltr'><strong>reliquae</strong></span> <span class='ocrx_word' id='word_1_116' title='bbox 488 2357 651 2442; x_wconf 79' lang='lat' dir='ltr'><strong>hospitum</strong></span> <span class='ocrx_word' id='word_1_117' title='bbox 677 2363 814 2422; x_wconf 79' lang='lat' dir='ltr'><strong>comites</strong></span> <span class='ocrx_word' id='word_1_118' title='bbox 843 2357 975 2422; x_wconf 86' lang='lat' dir='ltr'><strong>subiere</strong></span> <span class='ocrx_word' id='word_1_119' title='bbox 1001 2363 1127 2425; x_wconf 86' lang='lat' dir='ltr'><strong>receuti</strong></span> 
     </span>
     <span class='ocr_line' id='line_1_22' title="bbox 202 2455 1152 2540; baseline 0.002 -20"><span class='ocrx_word' id='word_1_120' title='bbox 202 2456 347 2520; x_wconf 79' lang='lat' dir='ltr'><strong>Laetitia</strong></span> <span class='ocrx_word' id='word_1_121' title='bbox 371 2455 527 2540; x_wconf 86' lang='lat' dir='ltr'><strong>pertusae</strong></span> <span class='ocrx_word' id='word_1_122' title='bbox 553 2459 695 2537; x_wconf 71' lang='lat' dir='ltr'><strong>animos,</strong></span> <span class='ocrx_word' id='word_1_123' title='bbox 722 2471 957 2539; x_wconf 90' lang='lat' dir='ltr'><strong>numerumque</strong></span> <span class='ocrx_word' id='word_1_124' title='bbox 983 2455 1152 2540; x_wconf 85' lang='lat' dir='ltr'><strong>decusque</strong></span> 
     </span>
     <span class='ocr_line' id='line_1_23' title="bbox 203 2548 1190 2640; baseline 0 -23"><span class='ocrx_word' id='word_1_125' title='bbox 203 2553 374 2640; x_wconf 80' lang='lat' dir='ltr'><strong>Aligerum</strong></span> <span class='ocrx_word' id='word_1_126' title='bbox 403 2556 611 2634; x_wconf 86' lang='lat' dir='ltr'><strong>monitusque</strong></span> <span class='ocrx_word' id='word_1_127' title='bbox 636 2548 754 2614; x_wconf 89' lang='lat' dir='ltr'><strong>docent</strong></span> <span class='ocrx_word' id='word_1_128' title='bbox 778 2549 1023 2637; x_wconf 82' lang='lat' dir='ltr'><strong>dpminumque,</strong></span> <span class='ocrx_word' id='word_1_129' title='bbox 1049 2556 1190 2619; x_wconf 86' lang='lat' dir='ltr'><strong>subacta</strong></span> 
     </span>
     <span class='ocr_line' id='line_1_24' title="bbox 201 2646 1193 2733; baseline -0.001 -20"><span class='ocrx_word' id='word_1_130' title='bbox 201 2649 314 2714; x_wconf 89' lang='lat' dir='ltr'><strong>Morte</strong></span> <span class='ocrx_word' id='word_1_131' title='bbox 340 2649 611 2733; x_wconf 87' lang='lat' dir='ltr'><strong>triumphantem,</strong></span> <span class='ocrx_word' id='word_1_132' title='bbox 638 2646 787 2712; x_wconf 85' lang='lat' dir='ltr'><strong>Galilaeo</strong></span> <span class='ocrx_word' id='word_1_133' title='bbox 815 2653 847 2712; x_wconf 89' lang='lat' dir='ltr'><strong>in</strong></span> <span class='ocrx_word' id='word_1_134' title='bbox 874 2659 985 2714; x_wconf 88' lang='lat' dir='ltr'><strong>monte</strong></span> <span class='ocrx_word' id='word_1_135' title='bbox 1012 2650 1193 2716; x_wconf 89' lang='lat' dir='ltr'><strong>videndum.</strong></span> 
     </span>
     <span class='ocr_line' id='line_1_25' title="bbox 201 2746 1055 2834; baseline 0 -22"><span class='ocrx_word' id='word_1_136' title='bbox 201 2746 263 2812; x_wconf 89' lang='lat' dir='ltr'><strong>His</strong></span> <span class='ocrx_word' id='word_1_137' title='bbox 291 2753 397 2811; x_wconf 84' lang='lat' dir='ltr'><strong>temen</strong></span> <span class='ocrx_word' id='word_1_138' title='bbox 424 2747 554 2810; x_wconf 90' lang='lat' dir='ltr'><strong>indiciis</strong></span> <span class='ocrx_word' id='word_1_139' title='bbox 580 2767 642 2808; x_wconf 91' lang='lat' dir='ltr'><strong>non</strong></span> <span class='ocrx_word' id='word_1_140' title='bbox 669 2765 885 2830; x_wconf 79' lang='lat' dir='ltr'><strong>persuasere3</strong></span> <span class='ocrx_word' id='word_1_141' title='bbox 910 2747 1055 2834; x_wconf 82' lang='lat' dir='ltr'><strong>negabat</strong></span> 
     </span>
     <span class='ocr_line' id='line_1_26' title="bbox 203 2841 1084 2910; baseline 0 -2"><span class='ocrx_word' id='word_1_142' title='bbox 203 2844 402 2908; x_wconf 83' lang='lat' dir='ltr'><strong>Obstructas</strong></span> <span class='ocrx_word' id='word_1_143' title='bbox 426 2844 537 2910; x_wconf 86' lang='lat' dir='ltr'><strong>verbis</strong></span> <span class='ocrx_word' id='word_1_144' title='bbox 563 2842 657 2908; x_wconf 86' lang='lat' dir='ltr'><strong>dolor</strong></span> <span class='ocrx_word' id='word_1_145' title='bbox 682 2841 899 2909; x_wconf 85' lang='lat' dir='ltr'><strong>intractabilis</strong></span> <span class='ocrx_word' id='word_1_146' title='bbox 924 2863 1033 2908; x_wconf 88' lang='lat' dir='ltr'><strong>aures.</strong></span> <span class='ocrx_word' id='word_1_147' title='bbox 1080 2887 1084 2894; x_wconf 87' lang='lat'><em>.</em></span> 
     </span>
     <span class='ocr_line' id='line_1_27' title="bbox 201 2940 882 3026; baseline -0.004 -20"><span class='ocrx_word' id='word_1_148' title='bbox 201 2940 388 3026; x_wconf 86' lang='lat' dir='ltr'><strong>importuna</strong></span> <span class='ocrx_word' id='word_1_149' title='bbox 414 2941 507 3006; x_wconf 79' lang='lat' dir='ltr'><strong>malis</strong></span> <span class='ocrx_word' id='word_1_150' title='bbox 534 2947 633 3005; x_wconf 90' lang='lat' dir='ltr'><strong>tantis</strong></span> <span class='ocrx_word' id='word_1_151' title='bbox 659 2941 778 3006; x_wconf 80' lang='lat' dir='ltr'><strong>solatia</strong></span> <span class='ocrx_word' id='word_1_152' title='bbox 802 2941 882 3026; x_wconf 80' lang='lat' dir='ltr'><strong>fingi</strong></span> 
     </span>
     <span class='ocr_line' id='line_1_28' title="bbox 202 3035 995 3126; baseline -0.006 -22"><span class='ocrx_word' id='word_1_153' title='bbox 202 3039 387 3126; x_wconf 73' lang='lat' dir='ltr'><strong>conjiciunt</strong></span> <span class='ocrx_word' id='word_1_154' title='bbox 411 3040 539 3104; x_wconf 91' lang='lat' dir='ltr'><strong>dulcive</strong></span> <span class='ocrx_word' id='word_1_155' title='bbox 565 3038 669 3102; x_wconf 84' lang='lat' dir='ltr'><strong>avidis</strong></span> <span class='ocrx_word' id='word_1_156' title='bbox 695 3045 856 3102; x_wconf 88' lang='lat' dir='ltr'><strong>insomnia</strong></span> <span class='ocrx_word' id='word_1_157' title='bbox 880 3035 995 3101; x_wconf 86' lang='lat' dir='ltr'><strong>fraude</strong></span> 
     </span>
     <span class='ocr_line' id='line_1_29' title="bbox 199 3133 1180 3222; baseline -0.003 -21"><span class='ocrx_word' id='word_1_158' title='bbox 199 3135 402 3222; x_wconf 89' lang='lat' dir='ltr'><strong>lmposuisse</strong></span> <span class='ocrx_word' id='word_1_159' title='bbox 428 3143 550 3222; x_wconf 89' lang='lat' dir='ltr'><strong>putant.</strong></span> <span class='ocrx_word' id='word_1_160' title='bbox 602 3135 727 3199; x_wconf 85' lang='lat' dir='ltr'><strong>instant</strong></span> <span class='ocrx_word' id='word_1_161' title='bbox 746 3147 860 3200; x_wconf 40' lang='lat' dir='ltr'><strong>*tamen</strong></span> <span class='ocrx_word' id='word_1_162' title='bbox 889 3133 1031 3219; x_wconf 87' lang='lat' dir='ltr'><strong>undique</strong></span> <span class='ocrx_word' id='word_1_163' title='bbox 1057 3141 1092 3198; x_wconf 88' lang='lat' dir='ltr'><strong>et</strong></span> <span class='ocrx_word' id='word_1_164' title='bbox 1116 3155 1180 3199; x_wconf 91' lang='lat' dir='ltr'><strong>nuo</strong></span> 
     </span>
     <span class='ocr_line' id='line_1_30' title="bbox 201 3232 1215 3317; baseline -0.001 -20"><span class='ocrx_word' id='word_1_165' title='bbox 201 3232 371 3299; x_wconf 72' lang='lat' dir='ltr'><strong>consensu</strong></span> <span class='ocrx_word' id='word_1_166' title='bbox 398 3243 574 3299; x_wconf 82' lang='lat' dir='ltr'><strong>matronae.</strong></span> <span class='ocrx_word' id='word_1_167' title='bbox 627 3233 812 3317; x_wconf 87' lang='lat' dir='ltr'><strong>iterumque</strong></span> <span class='ocrx_word' id='word_1_168' title='bbox 838 3239 1020 3316; x_wconf 88' lang='lat' dir='ltr'><strong>iterumque</strong></span> <span class='ocrx_word' id='word_1_169' title='bbox 1046 3241 1215 3298; x_wconf 78' lang='lat' dir='ltr'><strong>renarrant</strong></span> 
     </span>
     <span class='ocr_line' id='line_1_31' title="bbox 202 3329 1059 3418; baseline 0 -24"><span class='ocrx_word' id='word_1_170' title='bbox 202 3329 401 3410; x_wconf 84' lang='lat' dir='ltr'><strong>Coelicolum</strong></span> <span class='ocrx_word' id='word_1_171' title='bbox 426 3353 545 3417; x_wconf 69' lang='lat' dir='ltr'><strong>vocesq</strong></span> <span class='ocrx_word' id='word_1_172' title='bbox 574 3337 692 3418; x_wconf 85' lang='lat' dir='ltr'><strong>urgent</strong></span> <span class='ocrx_word' id='word_1_173' title='bbox 714 3349 895 3414; x_wconf 88' lang='lat' dir='ltr'><strong>properare</strong></span> <span class='ocrx_word' id='word_1_174' title='bbox 921 3334 1059 3414; x_wconf 86' lang='lat' dir='ltr'><strong>suisque</strong></span> 
     </span>
     <span class='ocr_line' id='line_1_32' title="bbox 202 3425 1004 3513; baseline 0.001 -22"><span class='ocrx_word' id='word_1_175' title='bbox 202 3425 413 3492; x_wconf 82' lang='lat' dir='ltr'><strong>Perlustrare</strong></span> <span class='ocrx_word' id='word_1_176' title='bbox 440 3429 546 3494; x_wconf 90' lang='lat' dir='ltr'><strong>oculis</strong></span> <span class='ocrx_word' id='word_1_177' title='bbox 572 3428 692 3492; x_wconf 89' lang='lat' dir='ltr'><strong>viduati</strong></span> <span class='ocrx_word' id='word_1_178' title='bbox 717 3448 799 3492; x_wconf 85' lang='lat' dir='ltr'><strong>saxa</strong></span> <span class='ocrx_word' id='word_1_179' title='bbox 824 3425 1004 3513; x_wconf 81' lang='lat' dir='ltr'><strong>sepulchri.</strong></span> 
     </span>
     <span class='ocr_line' id='line_1_33' title="bbox 201 3522 1080 3590; baseline -0.001 -2"><span class='ocrx_word' id='word_1_180' title='bbox 201 3522 361 3588; x_wconf 85' lang='lat' dir='ltr'><strong>inflexere</strong></span> <span class='ocrx_word' id='word_1_181' title='bbox 384 3529 521 3589; x_wconf 77' lang='lat' dir='ltr'><strong>animos</strong></span> <span class='ocrx_word' id='word_1_182' title='bbox 574 3523 693 3589; x_wconf 90' lang='lat' dir='ltr'><strong>Petrus</strong></span> <span class='ocrx_word' id='word_1_183' title='bbox 724 3530 901 3590; x_wconf 88' lang='lat' dir='ltr'><strong>comitante</strong></span> <span class='ocrx_word' id='word_1_184' title='bbox 926 3522 1080 3589; x_wconf 82' lang='lat' dir='ltr'><strong>Jobsnne</strong></span> 
     </span>
     <span class='ocr_line' id='line_1_34' title="bbox 202 3618 1101 3709; baseline 0.002 -25"><span class='ocrx_word' id='word_1_185' title='bbox 202 3618 376 3707; x_wconf 77' lang='lat' dir='ltr'><strong>(Adjungit</strong></span> <span class='ocrx_word' id='word_1_186' title='bbox 401 3626 525 3686; x_wconf 88' lang='lat' dir='ltr'><strong>sociam</strong></span> <span class='ocrx_word' id='word_1_187' title='bbox 554 3641 592 3683; x_wconf 87' lang='lat' dir='ltr'><strong>se</strong></span> <span class='ocrx_word' id='word_1_188' title='bbox 618 3621 794 3709; x_wconf 79' lang='lat' dir='ltr'><strong>Magdala)</strong></span> <span class='ocrx_word' id='word_1_189' title='bbox 820 3622 1101 3703; x_wconf 69' lang='lat' dir='ltr'><strong>describentem,</strong></span> 
     </span>
     <span class='ocr_line' id='line_1_35' title="bbox 202 3717 1054 3802; baseline 0 -20"><span class='ocrx_word' id='word_1_190' title='bbox 202 3718 383 3802; x_wconf 75' lang='lat' dir='ltr'><strong>Explorate</strong></span> <span class='ocrx_word' id='word_1_191' title='bbox 409 3717 505 3781; x_wconf 86' lang='lat' dir='ltr'><strong>tidem</strong></span> <span class='ocrx_word' id='word_1_192' title='bbox 531 3717 689 3782; x_wconf 91' lang='lat' dir='ltr'><strong>dictorum</strong></span> <span class='ocrx_word' id='word_1_193' title='bbox 716 3741 755 3784; x_wconf 86' lang='lat' dir='ltr'><strong>ac</strong></span> <span class='ocrx_word' id='word_1_194' title='bbox 778 3727 888 3785; x_wconf 87' lang='lat' dir='ltr'><strong>visere</strong></span> <span class='ocrx_word' id='word_1_195' title='bbox 914 3737 1054 3783; x_wconf 86' lang='lat' dir='ltr'><strong>marmor</strong></span> 
     </span>
     <span class='ocr_line' id='line_1_36' title="bbox 201 3812 1073 3903; baseline -0.002 -23"><span class='ocrx_word' id='word_1_196' title='bbox 201 3813 411 3880; x_wconf 78' lang='lat' dir='ltr'><strong>Accelerans.</strong></span> <span class='ocrx_word' id='word_1_197' title='bbox 463 3812 621 3878; x_wconf 87' lang='lat' dir='ltr'><strong>Membris</strong></span> <span class='ocrx_word' id='word_1_198' title='bbox 647 3819 737 3880; x_wconf 84' lang='lat' dir='ltr'><strong>vires</strong></span> <span class='ocrx_word' id='word_1_199' title='bbox 763 3814 958 3903; x_wconf 79' lang='lat' dir='ltr'><strong>frigentibus</strong></span> <span class='ocrx_word' id='word_1_200' title='bbox 987 3813 1073 3880; x_wconf 90' lang='lat' dir='ltr'><strong>addit</strong></span> 
     </span>
     <span class='ocr_line' id='line_1_37' title="bbox 200 3909 1035 3998; baseline -0.004 -21"><span class='ocrx_word' id='word_1_201' title='bbox 200 3912 417 3998; x_wconf 82' lang='lat' dir='ltr'><strong>Effoetosque</strong></span> <span class='ocrx_word' id='word_1_202' title='bbox 443 3909 592 3975; x_wconf 86' lang='lat' dir='ltr'><strong>accendit</strong></span> <span class='ocrx_word' id='word_1_203' title='bbox 617 3931 707 3977; x_wconf 88' lang='lat' dir='ltr'><strong>amor</strong></span> <span class='ocrx_word' id='word_1_204' title='bbox 733 3913 907 3977; x_wconf 87' lang='lat' dir='ltr'><strong>violentior</strong></span> <span class='ocrx_word' id='word_1_205' title='bbox 933 3918 1035 3975; x_wconf 89' lang='lat' dir='ltr'><strong>artus.</strong></span> 
     </span>
     <span class='ocr_line' id='line_1_38' title="bbox 201 4009 1180 4097; baseline 0.001 -21"><span class='ocrx_word' id='word_1_206' title='bbox 201 4009 342 4096; x_wconf 81' lang='lat' dir='ltr'><strong>Jamque</strong></span> <span class='ocrx_word' id='word_1_207' title='bbox 368 4009 626 4097; x_wconf 88' lang='lat' dir='ltr'><strong>propinquabant</strong></span> <span class='ocrx_word' id='word_1_208' title='bbox 651 4029 783 4093; x_wconf 89' lang='lat' dir='ltr'><strong>campo,</strong></span> <span class='ocrx_word' id='word_1_209' title='bbox 810 4028 875 4094; x_wconf 89' lang='lat' dir='ltr'><strong>qua</strong></span> <span class='ocrx_word' id='word_1_210' title='bbox 900 4012 1019 4074; x_wconf 88' lang='lat' dir='ltr'><strong>semita</strong></span> <span class='ocrx_word' id='word_1_211' title='bbox 1045 4029 1180 4093; x_wconf 87' lang='lat' dir='ltr'><strong>pronum</strong></span> 
     </span>
     <span class='ocr_line' id='line_1_39' title="bbox 202 4105 1081 4195; baseline 0.003 -26"><span class='ocrx_word' id='word_1_212' title='bbox 202 4105 252 4170; x_wconf 83' lang='lat' dir='ltr'><strong>Ad</strong></span> <span class='ocrx_word' id='word_1_213' title='bbox 279 4109 436 4173; x_wconf 89' lang='lat' dir='ltr'><strong>tumulum</strong></span> <span class='ocrx_word' id='word_1_214' title='bbox 461 4105 614 4195; x_wconf 83' lang='lat' dir='ltr'><strong>signabat</strong></span> <span class='ocrx_word' id='word_1_215' title='bbox 640 4111 719 4189; x_wconf 82' lang='lat' dir='ltr'><strong>iter,</strong></span> <span class='ocrx_word' id='word_1_216' title='bbox 747 4105 922 4192; x_wconf 87' lang='lat' dir='ltr'><strong>studioque</strong></span> <span class='ocrx_word' id='word_1_217' title='bbox 952 4105 1081 4173; x_wconf 86' lang='lat' dir='ltr'><strong>videndi</strong></span> 
     </span>
    </p>
   </div>
   <div class='ocr_carea' id='block_1_4' title="bbox 0 0 1532 4758">
    <p class='ocr_par' dir='ltr' id='par_1_8' title="bbox 0 0 1532 4758">
     <span class='ocr_line' id='line_1_40' title="bbox 0 0 1532 4758; baseline 0 0"><span class='ocrx_word' id='word_1_218' title='bbox 0 0 1532 4758; x_wconf 95' lang='lat' dir='ltr'><strong> </strong></span> 
     </span>
    </p>
   </div>
  </div>
 </body>
</html>
