3076 4744
132 227 268 278 Μ
687 219 799 276 timii
824 221 845 276 1.

217 407 281 472 Fas
309 412 395 487 erat,
421 410 495 491 ipse
519 411 574 470 snt
591 403 807 474 ›unnuomn
834 405 946 470 nobile
967 408 1090 474 uultus
1229 439 1234 451 ¹

218 505 344 591 Finxit3
374 510 409 567 et
432 508 605 591 egregium
630 502 826 568 immortalis
851 501 1003 573 Numinis
1026 511 1142 572 iustae

219 601 357 666 Eximiis
382 607 510 665 anctum
536 601 648 681 donis,
669 599 859 686 *mundoque
883 601 1032 688 regendo

220 697 359 782 Aptnm,
384 697 545 785 stelligeri
572 703 681 786 geniis
706 699 869 784 praefecit
894 698 1035 785 Olympi.

219 796 308 861 Proh
334 794 455 881 pudori
481 794 628 876 Artifici,
654 795 1000 884 Demque-ingratus,
1027 797 1153 864 honore
1281 851 1285 863 .

219 893 384 958 Concessa
411 897 581 979 intumuit,
609 891 859 979 majestatisque
885 895 1050 960 secundae

218 991 414 1076 Impatiens,
441 991 560 1058 solium
582 989 686 1070 solio,
712 999 910 1077 sceptroque
937 1011 1092 1075 supremo

217 1086 356 1152 Aemula
381 1097 516 1172 sceptra
542 1088 660 1166 ambit,
673 1087 832 1173 tutinus
856 1088 1015 1155 imitabile
1040 1089 1179 1169 tulmen,

217 1184 378 1250 Dulcibus
405 1185 492 1250 heu!
522 1185 617 1252 furiis
644 1184 826 1271 blandeque
844 1186 1002 1269 'cupidine
1027 1192 1115 1252 tacti.

164 1363 166 1369 .
218 1281 406 1348 Caelestum
430 1303 507 1367 pars
534 1303 667 1369 magna,
695 1282 780 1346 Deci
804 1281 939 1348 sxttiale
964 1283 1124 1364 trahenti,

216 1379 252 1444 ln
278 1379 424 1461 faeirrus,
451 1380 787 1464 conspirauerunt
816 1385 1047 1468 signareoire3
1126 1450 1130 1458 ,

216 1475 260 1540 Et
285 1475 464 1559 conjuratis
489 1483 640 1542 remotim
664 1476 836 1561 impellere
860 1484 986 1544 turreis.

217 1573 316 1638 Parte
342 1572 409 1639 alia
434 1573 598 1655 Michasi,
626 1579 844 1659 comitumque
866 1580 1168 1640 'exereitneonnia

215 1671 593 1758 Pennigernm,saeh1s
618 1672 782 1738 infandum
808 1671 1014 1760 indignatus,
1038 1672 1211 1740 inhesise

216 1769 319 1856 Signa
343 1769 464 1834 infeste
491 1776 615 1837 movet:
642 1770 896 1857 debellatosque
920 1769 1108 1853 triumphat.
1170 1805 1195 1828 ·.

216 1866 259 1931 Et
285 1886 395 1932 rerum
420 1867 581 1932 Dominus
610 1877 691 1932 notu
722 1873 945 1952 omnipotente
970 1868 1107 1952 fugatae
1165 1901 1167 1909 ι
1219 1915 1224 1934 ,
1307 1908 1311 1917 1

215 1963 372 2049 Fulguris
396 1969 428 2026 in
456 1985 579 2028 rnorem
604 1964 770 2029 stellantis
792 1965 919 2028 fornica
934 1963 1031 2028 'caeli

219 2056 354 2140 Expulit
378 2058 557 2124 insultans:
585 2080 624 2122 ac
649 2059 827 2124 illaetabile
849 2060 954 2141 jussit

220 2150 421 2236 sulphureis
445 2171 572 2216 mersos
598 2163 716 2217 aevum
740 2154 928 2238 proiecere
948 2155 1096 2220 flammis.

218 2248 384 2314 Victorem
410 2248 531 2332 spoliis.
551 2247 748 2315 Michaileru
776 2257 809 2314 el
835 2249 1017 2316 honoribus
1046 2254 1178 2316 netum
1253 2296 1259 2314 f

218 2343 384 2428 Luciferi,
411 2344 647 2410 lauro‘stcllas
673 2351 820 2411 imitante
847 2354 1016 2412 torrenat:⁴
1227 2361 1232 2370 ·

218 2442 429 2527 Aeternoque
453 2443 517 2508 sibi
541 2443 742 2528 amplectens
768 2443 912 2511 devincit
937 2463 1065 2508 amore:

216 2540 259 2605 Et
283 2545 423 2605 meritas
449 2539 566 2625 palmis
592 2549 716 2606 turmas
742 2541 933 2606 victricibus
960 2561 1094 2622 ornans,
1121 2597 1125 2604 .

216 2637 347 2724 Imperii
372 2643 405 2701 in
432 2647 576 2721 partem,
603 2659 730 2722 suaque
757 2643 829 2721 ipre
856 2643 886 2702 io
914 2637 1035 2724 gaudia
1056 2639 1228 2706 transfert.

216 2733 296 2799 Mox
320 2755 441 2809 vacuas
466 2739 562 2820 regni
588 2735 707 2816 sedes,
730 2743 780 2799 tot
805 2734 949 2800 millibus
974 2734 1062 2802 Droo

216 2831 406 2909 Damnatis,
432 2851 590 2914 rarasque
616 2830 767 2918 expulsis
791 2831 943 2894 hostibus
968 2831 1058 2915 alas,

217 2929 386 3013 (Namque
413 2947 526 2993 ornnes
552 2928 714 3013 Superum
740 2931 772 2991 in
797 2935 921 2992 turmas
947 2932 1064 2994 insana
1089 2929 1210 3014 cupido

217 3025 411 3109 Serpserat)
437 3031 620 3112 aspiciens:
646 3031 739 3090 vivos
766 3028 973 3090 animavitin
999 3034 1091 3090 artus

216 3122 320 3188 Molle
346 3123 466 3186 lutura:
494 3124 698 3209 similemque
723 3124 806 3203 sihi,
832 3129 866 3186 et
892 3127 1019 3186 ratione
1044 3127 1210 3206 potentem

216 3220 369 3306 Effigiem
396 3221 554 3300 humano,
580 3221 669 3284 dictu
693 3219 860 3302 mirabile,
887 3217 981 3284 uultu

216 3317 338 3382 induit:
365 3337 403 3381 ac
430 3317 537 3383 laetos
566 3316 711 3384 Paradiei
739 3317 849 3382 divitis
875 3319 1010 3397 hortos,

217 3415 259 3478 Et
281 3418 404 3500 gemini
429 3419 601 3498 imperinm
628 3415 734 3480 mnndi
760 3419 926 3479 concessit
953 3413 1119 3480 Adamo.'

218 3513 407 3576 innumeros
433 3518 529 3576 etiam
555 3512 672 3576 foeliei
694 3517 827 3578 tramite
852 3510 946 3576 soles

218 3608 362 3672 Delicias
388 3613 490 3690 inter,
519 3614 725 3693 nemorisque
751 3629 873 3673 arcana
897 3608 986 3672 beati

217 3704 357 3786 Gaudia,
383 3725 538 3770 securum
562 3707 621 3770 feti
647 3705 823 3770 decurrere
840 3703 957 3788 jussit:

81 3813 86 3824 '
216 3803 395 3867 Aeternum
420 3803 585 3888 spondeas
611 3808 698 3868 vitae
723 3802 916 3868 immortalis
941 3802 1098 3873 horrerem

216 3899 367 3985 ipsique,
397 3910 430 3965 et
453 3908 567 3989 generi
593 3909 733 3970 venturo
758 3906 790 3964 in
817 3900 949 3966 luminis
974 3921 1096 3984 auras·⁷

216 3997 355 4062 Tantum
378 3997 465 4065 illam
490 4003 622 4065 intortis
643 4007 815 4084 pateretur
839 4017 981 4086 surgere
1006 4001 1130 4080 pomis,

217 4093 367 4162 Daedalii
389 4096 496 4166 medio
521 4098 666 4164 nemone
691 4117 776 4184 quae
801 4094 887 4162 colle
911 4093 1038 4162 virebat
