3060 4750
10 235 15 284 Ι
142 237 277 290 tow-688
671 235 779 290 uinea
805 237 882 290 xiii.

229 418 288 486 Sul
313 417 438 504 rapidis
463 417 614 487 mnndum
640 421 744 488 radiis
769 421 938 504 incendet,
964 429 997 488 in
1023 432 1115 492 artus

230 519 409 607 Exangnes
435 517 555 602 pupulo
582 525 650 585 vita
675 527 855 608 aspiciente
881 521 1008 586 redibit.

229 617 402 704 Exurgcnt
426 613 520 681 ambo
546 622 687 702 pariter,
714 626 904 704 pariterque
930 625 1023 686 ruina

229 714 362 803 Mugiet
388 712 535 779 horribili
563 714 663 781 tellas
689 716 829 804 abrupta
855 724 1033 803 capaoique

229 813 377 878 involvet
402 816 528 900 gremio
554 814 617 879 diri
642 833 816 881 numerosa
839 821 967 898 tyranni

230 911 378 999 Agmina.
431 911 592 977 Gooenssi
620 931 697 994 pars
723 917 821 978 tertia
847 918 978 976 corruet
1004 913 1114 994 orbis,

229 1009 271 1074 Et
295 1009 394 1074 simul
419 1008 579 1074 aethereo
603 1007 644 1072 de
668 1010 793 1074 fornice
819 1010 908 1076 clara
932 1031 994 1096 per
1017 1029 1115 1074 auras

229 1107 300 1173 Vox
326 1127 504 1188 resonans,
531 1111 679 1194 gerulum
708 1113 740 1172 in
766 1109 853 1173 coeli
879 1108 1019 1173 culmina
1044 1115 1136 1172 vates
1293 1170 1297 1174 .

230 1203 396 1270 Scandere
422 1210 613 1291 praecipiet.
664 1205 829 1272 Scandent
852 1211 884 1270 in
913 1204 1039 1286 sidera,
1067 1205 1243 1275 GneisTo

229 1303 408 1386 lavitante,
438 1302 715 1390 palam-puraque
743 1309 774 1368 iu
800 1304 886 1368 nube
911 1303 1068 1369 ferentur.

326 1495 371 1562 At
399 1517 476 1562 vero
501 1498 614 1563 infelix
640 1497 739 1562 divini
764 1503 905 1562 numinis
931 1498 1057 1579 hostis,

228 1594 270 1660 Ut
295 1595 440 1680 trepidas
468 1595 579 1682 populi
609 1603 734 1661 mentes
758 1596 952 1688 turbataque
976 1595 1084 1660 firmet

227 1692 383 1775 Pectora,
410 1693 551 1759 oliviferi
575 1716 701 1760 summo
726 1693 789 1758 sub
816 1693 956 1759 culmine
981 1698 1100 1758 montis

228 1788 356 1878 Regale
382 1791 515 1857 attollet
540 1791 679 1871 solium,
705 1790 894 1879 populoque
919 1799 1093 1877 stupente,

228 1887 348 1953 hirias
374 1887 450 1954 Orci
476 1893 585 1979 geniis
610 1888 766 1955 suillrltus
790 1895 823 1953 in
848 1909 946 1954 auras

229 1986 349 2070 Carpat
374 1992 446 2052 iter.
498 1986 563 2052 Sed
590 1990 676 2051 enim
702 1987 807 2052 medio
833 1985 960 2072 quando
988 1989 1085 2067 aire,
1114 1993 1241 2054 cuaeth

230 2082 409 2167 Attonitis,
435 2091 535 2149 terris
560 2084 659 2170 louge
684 2094 849 2164 semotus,
874 2087 907 2148 ia
934 2090 1040 2168 ipsam

232 2179 374 2246 Aethera
399 2203 521 2247 vesana
546 2181 688 2246 tumidus
714 2203 775 2265 spe
801 2180 960 2248 scandere
986 2188 1140 2266 quaeret:

230 2277 317 2345 llcce
344 2281 400 2345 tihi
427 2281 578 2346 astrifero
605 2278 800 2350 (iniustus
830 2279 1023 2344 manifestus
1046 2283 1079 2342 in
1106 2278 1200 2361 orbe,

229 2375 383 2443 Terribili
409 2384 605 2464 increpitam
632 2376 759 2442 divinae
785 2377 920 2443 fulmine
945 2383 1057 2460 vocis,

230 2473 447 2563 Praecipitem
474 2483 587 2544 tristes
612 2475 711 2541 Erebi
737 2475 889 2542 detrudet
914 2483 945 2540 in
973 2473 1115 2540 umbras.

228 2570 270 2636 Et
293 2572 389 2637 simul
415 2593 590 2658 erumpens
617 2579 733 2640 scissis
760 2594 779 2639 e
806 2575 946 2638 nubibus
972 2578 1078 2661 ignis,

179 2695 183 2709 ι
228 2665 299 2734 Una
323 2689 435 2734 amnes
461 2677 598 2736 monstri
625 2675 761 2736 comites
788 2675 960 2757 invisaque
987 2671 1073 2736 divis

229 2766 355 2833 Obruet
382 2765 552 2834 involvens
577 2767 781 2832 coelestibus
809 2773 941 2854 agmina
964 2768 1114 2832 flammis.

315 2961 407 3028 Tunc
427 2967 564 3048 primum
584 2959 760 3026 Hebraeae
780 2965 891 3047 gentis
911 2966 962 3024 tot
981 2959 1079 3024 ducta
1101 2981 1160 3044 per
1176 2981 1281 3028 annos

227 3061 262 3127 ln
290 3061 501 3132 CHRISTUM
527 3060 637 3123 rabies
663 3066 696 3122 et
718 3063 770 3123 vis
797 3063 945 3138 inimica,
972 3064 1140 3143 parentum

227 3157 392 3223 Uberibus
418 3179 489 3222 anm
515 3155 612 3228 lacte,
629 3157 735 3222 fluens
761 3161 793 3220 in
820 3156 900 3221 dura'
926 3161 1077 3240 nepotum

228 3255 386 3336 Pectora,
411 3255 543 3341 placato
569 3259 703 3341 incipiet
730 3259 908 3320 mitescere
935 3253 1040 3318 coelo.

228 3351 376 3418 Coelitns
402 3353 514 3418 inluso
537 3371 620 3440 geos
647 3357 750 3417 omnis
776 3349 896 3416 lumine
924 3371 1057 3436 opacam

227 3451 418 3518 Discutiens
444 3452 580 3534 nubem,
609 3471 694 3534 quae
721 3449 919 3514 circumfusa
945 3446 1107 3536 protunda

227 3548 406 3634 implicitas
433 3548 566 3635 longum
593 3547 727 3612 obduxit
753 3544 894 3634 caligine
921 3554 1069 3628 mentes,

227 3645 463 3713 Christicolum
489 3644 623 3710 accedet
648 3650 762 3710 sacris.
803 3643 982 3726 Ecclesia,
1008 3645 1173 3714 Ciiiiisi'i

229 3743 397 3827 Auspiciis
421 3747 560 3825 victrix,
587 3750 658 3808 toto
685 3763 813 3807 rursum
841 3743 922 3808 orbe
948 3742 1090 3828 sepultis

228 3839 388 3906 llostibus
414 3841 543 3908 attollet
568 3849 668 3923 caput
693 3847 729 3906 et
754 3839 887 3906 fallacis
913 3837 1034 3906 Averni

229 3935 362 4003 insidiis
387 3938 571 4026 lymphata,
599 3944 906 4027 motuqneagnata
930 3942 1058 4022 tyranni

227 4034 337 4100 Tarba
362 4041 500 4124 ingens,
526 4037 681 4124 precibus
706 4041 835 4102 veniam
860 4035 1079 4120 lacrymisque
1105 4034 1241 4115 petitam

228 4129 379 4221 Accipiet
404 4141 565 4222 sacroque
589 4139 707 4200 iterum
734 4134 894 4200 suecedet
918 4129 1009 4196 ovili.
