3082 4746
674 221 918 278 cultissimus

246 409 343 478 ssuool
367 415 480 495 potius
502 408 652 497 fugiam?
678 415 788 476 sonitu
815 413 970 498 graviore
995 410 1146 475 ferurrtnr

245 509 328 576 Tela
354 507 466 593 ‹leum3
491 514 525 571 at
551 507 671 574 domini
696 511 904 593 praesentior
929 513 978 572 ira
1002 506 1129 573 Tiberii
1157 519 1220 590 est.

246 604 422 673 caelicolis
448 609 565 686 ctiam,
591 611 622 672 si
648 605 734 692 quod
758 623 899 692 regnare
924 613 1077 688 putemus

245 701 279 769 ln
302 702 396 768 caelo
424 721 558 785 numen,
583 709 636 768 cui
662 723 772 767 rerum
796 721 877 764 cura
903 701 1063 789 salusque

245 800 375 884 lmperii
401 798 489 864 cordi
513 807 586 884 est3
615 805 689 884 quis
714 801 841 884 gratius
866 796 1004 882 abnuat,
1032 819 1129 862 unum

244 895 400 980 0bjicere
425 901 586 961 insontem
612 895 722 977 letho,
748 915 843 979 quam
871 899 1000 979 sospite
1027 896 1203 964 CHRISTO

245 994 280 1059 ln
307 993 429 1058 caedes
454 999 489 1056 et
515 998 548 1057 iu
572 1013 662 1057 arma
687 1000 830 1078 paratam
857 993 1037 1058 accendere
1061 998 1222 1080 gentem?

244 1090 303 1155 Sin
329 1089 440 1154 nullus
467 1097 563 1176 regat
586 1096 675 1154 astra
699 1090 801 1160 Deus
827 1090 963 1175 fatoque
989 1090 1155 1173 ferantur,

245 1185 312 1251 Aut
334 1194 458 1251 temere
483 1193 517 1250 ct
540 1207 642 1252 caeco
667 1186 841 1253 decurrant
867 1193 974 1252 omnia
1000 1208 1096 1252 casu:

211 1347 212 1350 ,
245 1282 332 1349 outo
358 1283 543 1368 trepidem?
568 1294 625 1350 out
650 1305 734 1372 quae
757 1305 808 1350 me
835 1284 996 1352 scelerum
1023 1284 1163 1352 vindicta
1190 1291 1378 1370 sequatur?

243 1379 312 1467 lpsi
337 1380 534 1464 Pontifices,
561 1385 644 1468 ipsi,
672 1403 755 1468 quos
782 1381 925 1447 fascinat
950 1382 1021 1447 orbi

244 1476 419 1544 Detestuta
444 1485 655 1564 superstitio,
682 1485 733 1544 sie
760 1485 935 1566 sanguinis
961 1487 1075 1544 oestro

243 1573 375 1640 lnnocui
399 1575 567 1658 furerent,
592 1575 715 1662 templo
743 1581 912 1662 sacrisque
938 1576 1085 1660 relictis,

243 1669 280 1738 Si
307 1671 466 1739 Nemesin
492 1673 658 1740 scelerum
686 1674 816 1740 vibrare
841 1675 975 1739 ultricia
999 1674 1082 1755 tela,

244 1770 310 1868 Aut
336 1770 467 1857 aliquod
492 1771 588 1839 caelo
613 1791 728 1838 numen
754 1789 897 1860 regnare
920 1775 1104 1856 putarent?

341 1963 431 2030 llaec
456 1971 559 2050 inter,
586 1966 699 2054 populi
725 1966 856 2031 fremitu
883 1963 1051 2051 celerique
1075 1970 1251 2030 sonantum

243 2062 498 2151 aucarupeoun
524 2085 623 2130 cursu
649 2071 778 2130 excitus
802 2067 972 2149 prospexit
996 2067 1028 2127 iu
1056 2061 1169 2128 urbem

244 2161 271 2226 E
298 2161 459 2249 speculis,
485 2161 598 2228 cubito
623 2167 784 2244 innitens,
808 2181 1002 2247 omnemque
1027 2179 1204 2248 pererrans

243 2256 435 2324 Luminibns
460 2266 569 2326 tacitis
593 2279 764 2344 procerum
790 2259 946 2346 vulgique
971 2263 1142 2343 sequentis

243 2357 444 2422 Barbariem.
493 2355 660 2420 Arctorum
688 2356 800 2438 acidis,
827 2363 988 2440 niveaque
1013 2361 1185 2422 micantem

242 2450 362 2536 Veste,
390 2458 478 2518 inter
500 2451 641 2516 stolidae
668 2458 785 2518 irrisus
812 2460 846 2516 et
869 2451 966 2516 sibila
991 2450 1120 2536 plebis,

240 2547 482 2636 Inperturbato
505 2549 715 2618 cuntorum
743 2549 922 2635 procedere
945 2548 1038 2615 vultu

240 2645 380 2731 Aspicit.
430 2646 560 2713 Arcano
586 2646 765 2713 caelestum
791 2647 912 2714 lumine
936 2655 1064 2732 tactus,

241 2744 420 2809 Contionem
446 2748 619 2832 impositae
643 2751 748 2812 restis
775 2751 910 2812 miratur
934 2754 968 2810 et
992 2765 1100 2811 omer.

240 2840 349 2925 Atque
375 2863 504 2908 omnem
527 2863 683 2928 superum
711 2845 885 2909 manifesto
911 2848 1042 2908 tramine
1070 2841 1210 2910 creoleus

238 2937 320 3004 Rem
345 2945 480 3029 peragi,
507 2961 568 3008 nec
583 2962 676 3029 ¹oquin
704 2942 796 3006 caelo
822 2941 1013 3006 absolvente
1036 2947 1173 3023 morari,

239 3035 326 3102 Ante
353 3037 442 3104 fores
468 3046 637 3125 primoque
664 3038 760 3104 aulae
785 3040 848 3103 sub
874 3038 985 3103 limine
1010 3059 1133 3104 saevos

238 3134 371 3222 Excipit
398 3136 451 3202 bis
476 3137 572 3203 dictis
598 3156 772 3220 proceres:
797 3135 922 3204 frustra
947 3140 1071 3218 omnia,
1097 3136 1222 3202 frustra

237 3229 400 3299 Leuiodae
425 3241 578 3320 tentans,
604 3239 716 3297 inanes
739 3231 876 3319 perditis
903 3237 982 3298 irus.

237 3329 402 3396 insontem
428 3332 513 3397 bunc
537 3330 646 3397 Judex
672 3334 787 3395 testor.
838 3331 1015 3396 Pateretur
1039 3331 1178 3396 inultum

238 3425 428 3510 Majestatis
455 3430 546 3496 abire
571 3449 683 3515 reum,
710 3434 739 3494 si
767 3449 846 3494 vera
872 3427 990 3496 referri

239 3522 396 3591 Crederet
420 3525 601 3594 Herodes?
627 3525 738 3592 rabido
761 3527 904 3594 clamore
930 3526 1099 3613 loquentis

238 3620 349 3686 Verba
374 3627 599 3712 intercipiunt3
624 3625 781 3710 perfricta
806 3626 915 3690 fronto
941 3622 1099 3711 querelas

236 3718 313 3785 Jam
338 3725 438 3785 toties
462 3729 556 3788 tritas
581 3732 755 3810 regerunt:
784 3725 963 3810 templique
989 3722 1183 3808 profanum
1215 3761 1220 3778 -.

236 3817 449 3903 Eversorem,
477 3821 608 3888 bostem
634 3842 789 3910 superum
814 3829 1007 3906 patriaeque
1033 3819 1216 3886 frementes

236 3913 451 4005 Ingeminant.
503 3919 602 3984 Laris
627 3928 759 3985 currunt
783 3919 952 3984 merodacia
978 3917 1127 3984 babonis.

237 4012 386 4104 Virginis
413 4019 539 4083 interea
564 4025 676 4100 uatus,
704 4025 857 4105 quantum
882 4017 1014 4084 acribus
1040 4014 1090 4080 illi

236 4113 426 4201 Exuperant
450 4115 551 4198 odiis,
579 4123 674 4182 tanto
697 4119 899 4182 constantior
925 4135 1039 4184 omnes
