3082 4748
120 235 253 296 tte-att
660 241 768 296 irlDDR
791 243 840 298 iii.

197 403 381 510 Expendit,
407 443 491 509 quae
517 429 649 512 captivo
674 433 819 494 convitio
844 429 1019 500 (inars‘ro

198 521 360 606 Dbjiciat,
387 541 452 608 qua
478 523 595 590 fraude
622 528 744 608 virum,
770 546 875 612 quave
900 527 1046 612 implicet
1071 534 1150 594 arte.

295 715 383 782 Ecce
405 723 513 782 autem
535 717 618 784 baec
639 725 741 804 inter,
763 739 882 806 magno
906 719 1050 786 clamore
1076 729 1253 790 revinctam

198 815 355 880 Liventes
381 823 459 901 port
483 823 580 904 terga
604 837 720 882 manus
747 817 893 882 crudelis
917 817 1047 887 desunt

197 911 306 977 Turba
331 911 467 977 trabeas
492 912 617 978 aderat.
669 911 824 980 Geminos
850 914 1053 981 laetissimus
1079 916 1192 984 Annas

196 1009 340 1094 Imperat
364 1013 497 1075 inverso
523 1017 662 1076 reserati
688 1013 819 1078 cardine
847 1019 975 1098 pontes.

194 1106 272 1191 ipae
299 1113 408 1171 autem
433 1127 589 1192 proceres
614 1113 700 1174 inter
725 1109 874 1176 sublimis
903 1110 1027 1176 eburno

194 1203 353 1270 Consedit
378 1204 484 1287 solio,
511 1215 546 1270 et
570 1212 691 1272 mentis
716 1206 905 1274 malesuada
930 1214 1084 1272 cruentae

195 1300 321 1366 Gaudia
347 1309 514 1368 contracta
538 1308 569 1368 io
595 1312 757 1372 terrorem
783 1305 906 1387 fronte,
932 1309 1072 1372 coercet.

193 1398 238 1464 iit
264 1404 401 1484 primum
423 1400 529 1466 media
555 1406 704 1489 captivus
732 1409 882 1469 constitit
909 1400 1000 1484 ania,

192 1495 421 1582 imperturbati
448 1517 614 1585 generosa
636 1499 800 1566 modestia
824 1499 955 1581 vuitus,

193 1594 349 1659 intensos
374 1594 589 1662 Pharisaenm
614 1601 740 1663 animos
766 1601 941 1686 percussit
993 1596 1127 1664 aomos

192 1692 289 1776 lpse,
315 1690 395 1756 iicet
419 1699 487 1759 voti
513 1694 641 1760 felicem
668 1700 773 1780 prima
798 1694 951 1784 voluptas

192 1788 367 1874 impatiens
390 1789 494 1856 iraeni
521 1793 705 1878 abriperet3
729 1792 903 1878 perculsus
929 1792 1055 1858 bonore

192 1883 331 1974 Egregii
355 1886 484 1972 vuitus,
510 1889 760 1974 majestatisque
783 1890 919 1956 latentis

193 1979 323 2046 Arcana
348 1989 382 2047 vi
408 1991 624 2066 contremuit,
651 2006 797 2070 seseque
822 1992 979 2052 minorem

194 2074 341 2163 Agnovit
365 2083 484 2157 tacite,
506 2085 695 2163 primosque
721 2085 869 2145 coercuit
893 2089 1017 2145 aestus.

195 2171 277 2237 Tum
304 2175 355 2238 sic
378 2172 492 2256 affari,
516 2194 702 2260 causasque
728 2176 782 2241 his
807 2194 968 2262 quaerere
993 2175 1098 2240 dictis.
1233 2211 1237 2220 ·

292 2366 369 2432 Dan
393 2386 454 2451 spe
480 2366 621 2456 legifero
646 2373 712 2435 vati
738 2369 815 2434 dota
833 2368 912 2453 jura
936 2368 1075 2456 rebogis

194 2461 246 2528 Ad
271 2471 383 2528 nutum
407 2463 576 2530 malesane
602 2474 708 2548 mum,
732 2485 937 2552 revocasque
962 2485 1126 2552 sequaces

192 2560 222 2624 Α
247 2560 370 2647 templo
397 2561 564 2647 populos?
589 2583 654 2649 qua
677 2571 711 2628 te
737 2564 888 2630 mercede
912 2568 1021 2630 secuti

192 2657 375 2744 Discipuli,
401 2662 521 2725 invitos
547 2665 658 2726 miseri
684 2661 803 2748 lugere
829 2661 1011 2750 parentes?

194 2751 262 2818 Dili
287 2774 484 2842 responsum
509 2762 624 2842 paucis
650 2757 715 2822 hoc
738 2757 850 2822 reddit
872 2757 1007 2826 lesus:

290 2947 364 3012 Non
391 2947 557 3035 latebras,
583 2957 756 3016 noctemve
783 2955 866 3017 meis
892 2949 1054 3016 obducere
1078 2950 1178 3016 iactis

194 3042 357 3111 Assuevi:
380 3053 498 3111 norunt
522 3045 588 3129 iiii,
614 3053 710 3134 queis
737 3069 816 3113 cura
839 3067 1010 3114 sacrorum

192 3139 329 3224 Addita,
354 3161 439 3228 quoa
463 3143 581 3209 mediis
607 3145 719 3230 tempii
744 3152 777 3210 in
801 3144 1024 3232 penetralibus
1050 3143 1137 3208 uitro

194 3235 373 3322 Admonui,
400 3237 560 3327 docuique
585 3241 701 3326 palam.
753 3241 834 3308 ilios
860 3241 1016 3324 consule,
1042 3245 1113 3307 reri

192 3331 229 3398 Si
250 3335 309 3401 tibi
335 3343 446 3401 tantus
472 3358 578 3402 amor:
606 3358 715 3425 neque
741 3345 826 3406 enim
851 3360 925 3406 maa
949 3341 1037 3405 iacta
1062 3337 1115 3404 vei
1141 3340 1223 3422 ipsis

192 3430 368 3514 Testibus,
394 3440 430 3497 ut
455 3454 511 3500 res
536 3455 666 3522 cunque
694 3437 804 3519 eadat,
831 3437 958 3504 firmare
983 3455 1143 3505 recusem.

287 3624 439 3692 atvero
465 3625 646 3715 deploratis
680 3630 848 3695 versatiiis
873 3631 969 3697 auiae

191 3719 385 3808 Mancipiis,
410 3725 640 3809 respondentis
661 3727 850 3811 justissima
871 3728 1039 3798 CHRISTI

190 3818 296 3885 Biiem
320 3820 421 3886 rerba
445 3830 592 3906 movent,
616 3831 770 3909 tanquam
795 3834 984 3913 contempta
1007 3834 1157 3916 rogantis

190 3914 353 4000 iiiajestos
377 3918 528 4004 Domini,
557 3927 593 3985 et
618 3940 715 3987 sacro
740 3929 930 3990 reverentia
955 3930 1082 4009 patrum

189 4011 312 4078 Debita
337 4015 477 4084 concilio
503 4017 614 4086 verbis
639 4018 845 4088 mordacibus
869 4031 981 4104 esset,

189 4106 300 4196 Atque
323 4111 443 4200 aliquis
466 4113 551 4182 caeli
569 4114 669 4199 juxta
691 4137 848 4199 securus,
871 4126 906 4183 et
931 4121 1018 4197 orci,
