3060 4752
111 229 243 280 nia-tsi
633 222 742 275 LlBitR
767 223 843 274 Xlll.

200 409 365 476 Adsuetus
392 415 524 472 orantes
548 413 683 472 xenaiam.
734 409 848 474 Bonus
873 427 979 472 arrnue
1007 413 1093 472 rotis

198 508 241 572 Et
265 506 340 570 fidis
365 505 499 593 vigilum
518 507 673 570 'excubiis
701 510 867 571 committe
892 505 1118 591 sepulchrum,

198 606 312 671 Tertia
337 605 411 668 dum
437 603 519 667 solis
545 603 655 668 radios
679 625 796 668 aurora
820 604 964 668 reducat.
1015 655 1017 662 Α

198 705 251 768 Ne
275 704 344 768 fors
367 700 520 789 discipali
547 707 761 786 intempestae
787 707 893 765 noctis
918 707 951 764 in
980 701 1101 766 umbris
1148 733 1151 740 ,

198 802 373 866 Exanimes
398 807 530 886 rapiant
556 808 646 863 artus
673 810 871 888 gentemque
898 821 958 882 per
984 817 1109 864 omanem

198 899 288 965 Vana
315 901 534 982 triumphatae
561 909 720 986 spargent
745 895 903 962 miracola
928 903 1050 962 mortis.

294 1095 452 1158 Dixerat:
480 1102 581 1178 atque
605 1091 721 1158 eadem
746 1111 903 1176 proceres
929 1111 992 1156 utro
1018 1115 1077 1159 ore
1102 1094 1291 1160 fremebant.

198 1191 385 1258 Rornulides
411 1191 504 1261 vultu
528 1199 719 1254 excreatum
745 1197 821 1254 vota
843 1209 965 1253 sereno
1086 1236 1090 1248 .

199 1291 393 1377 decipiens:
420 1289 554 1376 vigilum
581 1297 707 1372 patres,
729 1295 791 1370 ait,
815 1309 910 1352 omne
937 1308 1081 1354 meorum

199 1389 265 1454 Vos
293 1409 396 1474 penes
422 1389 597 1452 arbitrium
616 1395 689 1452 est.v
731 1387 796 1468 lte,
824 1385 998 1472 explorate
1024 1387 1179 1451 cohortes
1259 1427 1262 1441 ι

196 1485 401 1552 Romulidum
430 1493 527 1571 atque
553 1490 640 1549 omni
666 1484 833 1548 Latiarum
861 1504 902 1548 ex
928 1488 1058 1569 agmine
1084 1483 1179 1548 lectis

197 1585 351 1672 Suspecti
377 1604 487 1649 euram
513 1582 646 1648 celeres
671 1581 798 1646 deferte
824 1580 1001 1665 sepulchri.

295 1778 383 1842 llaec
409 1783 469 1842 ait:
496 1785 531 1842 et
550 1777 704 1842 famulum
733 1781 846 1858 mittit,
874 1782 928 1860 qni
957 1783 1073 1841 cuneta
1095 1775 1248 1861 dosepho

198 1875 350 1941 Perierat
374 1884 473 1961 etque
499 1875 590 1940 illum
617 1874 797 1942 Ausoniam
818 1873 962 1939 deducet
984 1881 1017 1939 in
1044 1874 1161 1945 aulam.
1259 1887 1263 1894 '

196 1973 346 2058 Namque
372 1979 510 2036 animum
537 1978 672 2060 ancipiti
696 1994 847 2038 curarum
873 1971 1021 2037 turbidus
1047 1974 1148 2055 unda,

197 2070 272 2135 Jam
299 2075 404 2156 tnagis
429 2079 528 2154 atque
557 2075 662 2156 magis
688 2079 859 2155 postquam
888 2070 1050 2136 fidissima
1074 2071 1191 2154 conjux

198 2166 347 2231 Terrifiei
375 2165 463 2230 diras
489 2173 592 2231 somni
619 2169 827 2234 manifestius
854 2188 911 2232 ore

198 2264 273 2349 lpsa
298 2245 377 2344 suo,
403 2263 536 2329 maltum
568 2265 753 2350 laclrry'mas
779 2285 838 2348 per
864 2264 997 2351 singula
1024 2266 1179 2344 fundens,

197 2361 405 2445 Rettulerat,
433 2383 560 2446 poenae
588 2371 738 2429 metuens
763 2363 971 2448 scelerisque
997 2371 1124 2449 peracti

197 2460 340 2526 infandis
369 2464 457 2524 ictus
482 2461 645 2544 stimulis,
673 2463 855 2548 quaerebat
878 2461 1018 2526 acerbos

197 2557 328 2623 Fallere
355 2556 527 2643 colloquiis
555 2569 669 2624 aestus
697 2569 871 2644 certasque
896 2564 1023 2622 timoris

197 2655 378 2742 Explorate
404 2659 478 2718 nori
504 2675 634 2718 causas.
684 2657 834 2740 Namque
860 2657 966 2720 omnia
991 2657 1071 2742 fingi

198 2751 383 2838 credebat,
408 2751 527 2834 quibus
553 2751 728 2836 impulsum
754 2773 793 2816 se
820 2760 917 2818 notus
942 2751 1072 2817 Ulisses

198 2851 343 2915 Dixerat.
394 2846 486 2914 Unde
511 2853 631 2913 etenim
659 2855 793 2933 paucis,
821 2853 994 2934 animoque
1018 2869 1177 2937 manuque

197 2947 352 3012 lnvalidis
379 2945 614 3034 profugisque,
638 2967 682 3012 ea
706 2953 774 3028 vis,
801 2967 842 3012 ea
868 2954 1018 3032 pectora,
1043 2955 1079 3012 ut
1104 2955 1178 3033 ipsa

197 3047 286 3110 Luce
314 3044 419 3131 palam
447 3054 505 3110 aut
531 3050 604 3128 ipsa
628 3045 754 3111 mediae
781 3045 923 3131 caligine
948 3051 1073 3129 noctis,

198 3142 383 3229 Effringaut
408 3142 524 3208 tumuli
552 3140 741 3208 claustrum.
794 3142 861 3208 Sed
887 3143 992 3224 velle,
1020 3163 1180 3228 suamque

198 3238 356 3303 Eventuxn
382 3239 504 3304 sceleri
523 3241 592 3326 jam
618 3241 820 3326 respondere
846 3249 1015 3326 putemus,

198 3338 324 3401 Totaae
351 3345 416 3400 tam
443 3338 575 3421 stupido
602 3356 686 3425 gens
713 3349 846 3425 pectore
871 3337 991 3425 friget,
1017 3346 1052 3403 ut
1079 3336 1146 3402 illis

197 3434 329 3500 Annuat
352 3433 392 3498 ad
417 3455 560 3520 superas
586 3436 739 3501 reducem
764 3437 964 3523 fingentlbus
989 3456 1096 3500 auras.

197 3531 291 3597 Talia
317 3530 463 3596 volventi
489 3531 630 3597 famulus
656 3543 792 3618 praesto
817 3551 894 3598 esse
916 3531 1120 3618 Josephurn,

197 3630 346 3693 Nuntiat.
400 3628 448 3695 Ae
475 3637 578 3694 tutum
601 3629 696 3712 jubet
721 3637 752 3695 in
780 3630 963 3713 penetralia
990 3630 1063 3697 duci

198 3727 337 3791 Pontius
362 3737 461 3815 atque
486 3732 670 3810 importune
696 3728 790 3810 (dum
817 3735 927 3794 rnutua
946 3728 1013 3795 'soli

198 3822 346 3888 Consilia
369 3825 564 3909 expediant)
589 3825 875 3910 interpellantibus
910 3848 1034 3892 omnem

199 3919 362 4007 Suspendi
389 3943 568 3988 accessum.
620 3921 771 3989 Venienti
796 3929 881 4012 ipse·
896 3927 1012 3991 obvius
1037 3923 1123 3988 ultro

199 4017 369 4102 Occurrit,
397 4021 605 4107 dextramque
630 4028 746 4088 teneus
772 4039 950 4108 omnesque
977 4022 1118 4088 faventis

200 4114 347 4182 Delicias
374 4115 470 4182 calae
496 4123 720 4206 ingeminans,
748 4127 798 4186 sic
824 4121 941 4186 deinde
967 4116 1153 4280 pmmssl,
