3056 4758
680 261 922 318 cusisutniios

254 447 295 512 Et
320 447 394 533 quid
421 456 689 533 quaeqnecreet
714 454 828 536 regio,
855 445 931 533 quid
957 465 1106 536 quaeque
1132 454 1276 513 recuset.

254 545 351 610 Airis
376 555 413 610 nt
440 568 567 610 summa
590 556 727 611 aeterno
755 567 829 631 pars
855 551 933 633 igne
958 553 1126 627 coruscet,

253 643 296 708 Ut
322 643 427 708 modia
453 644 590 710 hiberno
616 650 799 731 stringatur
822 645 966 730 frigore,
996 652 1033 708 ut
1058 648 1151 710 imam

253 741 349 806 Nunc
376 741 466 805 calor
491 742 634 823 alterno,
664 763 748 808 nnnc
773 743 878 828 frigus
904 750 1065 824 temperet
1091 750 1194 808 aestu.

252 838 296 903 Ut
323 845 473 926 geminus
501 859 602 924 vapor
628 844 786 925 ignivomi
810 844 841 908 vi
868 837 953 902 solis
982 843 1013 902 in
1041 860 1140 905 auras

252 936 378 1001 Emicat
403 944 581 1016 attractus,
608 941 721 1022 gravis
746 934 804 1000 ille
830 946 866 1000 rt
891 935 1011 1019 pabula
1036 939 1152 1004 nimbis

252 1034 295 1098 Et
321 1034 452 1099 nebulis
478 1037 609 1118 rorique
635 1033 889 1118 Caledoniisque
915 1038 1040 1120 pruinis

252 1131 447 1213 Sufficiens,
476 1129 619 1196 saliente
646 1135 738 1196 nives
764 1152 836 1196 cum
863 1131 1019 1218 grandine
1046 1132 1186 1216 cudens3

252 1228 380 1292 Siccior
405 1238 457 1292 ast
482 1227 567 1292 alius
593 1228 785 1314 calidusque
811 1238 845 1292 et
869 1228 1010 1312 pondere
1037 1249 1175 1312 ansus,

251 1325 395 1411 Fulgura
421 1334 673 1414 pugnantesque
700 1335 772 1389 atro
799 1345 869 1392 cunr
897 1325 1031 1392 fulmine
1054 1335 1169 1394 ventos

253 1421 485 1509 Agglomerat,
514 1431 606 1488 vasto
633 1443 808 1508 erumpens
834 1443 894 1509 per
920 1429 1014 1488 inane
1041 1445 1173 1489 sonore.

348 1570 441 1634 Talia
465 1571 537 1635 dum
562 1570 704 1638 lustrant
729 1573 901 1656 visumque
927 1591 985 1655 per
1010 1577 1119 1635 omnia
1144 1573 1281 1656 ducunt,

250 1667 413 1755 lngratarn
439 1667 654 1753 Omnipotens
681 1669 771 1733 subit
795 1667 993 1753 improvisus
1020 1673 1052 1732 in
1081 1668 1191 1734 urbem

250 1765 292 1828 Et
317 1775 426 1830 notum
454 1775 632 1854 penetrans
657 1767 753 1830 limen
779 1787 977 1852 mensasque
1004 1773 1138 1853 paratas

252 1861 443 1947 Aspiciens,
474 1866 591 1928 charos
618 1863 725 1949 epulis
752 1863 944 1929 accumbere
971 1868 1094 1928 amicos

250 1961 412 2025 Hortatur
435 1961 563 2044 facilis,
590 1972 821 2049 postremaque
847 1960 973 2028 fercula
997 1959 1122 2042 libans,

252 2058 409 2123 Accendit
434 2060 531 2124 dictis
558 2065 684 2126 animos
710 2067 901 2144 maturaque
928 2058 1069 2146 spondet

250 2156 383 2221 Auxilia
408 2166 443 2220 et
467 2163 552 2222 sacri
581 2165 765 2243 promissos
790 2157 981 2222 Pneurnatis
1006 2163 1113 2244 ignes.

250 2253 398 2341 Expletis
425 2261 561 2320 comites
588 2256 694 2342 epulis
721 2255 886 2332 (mirabile
914 2255 1020 2332 dictu]

250 2351 348 2416 Clara
373 2353 445 2417 lnce
471 2374 530 2437 per
555 2353 707 2418 excelsae
734 2352 895 2438 populosa
922 2351 1035 2417 Sionis

249 2449 417 2534 Compita,
444 2471 503 2537 per
530 2460 643 2536 portas
670 2450 759 2515 urbis
786 2449 894 2529 (velut
917 2456 994 2515 aire
1021 2459 1136 2538 septos

250 2546 418 2623 Obscura)
445 2543 522 2611 nulli
553 2552 663 2628 visos,
689 2546 853 2612 Bethania
878 2553 908 2610 in
931 2549 1012 2612 'arva

250 2644 368 2708 Educit
394 2644 580 2732 charaeque
607 2651 690 2730 petit
717 2649 909 2732 gratissima
936 2655 1024 2710 tecta

250 2740 479 2827 Magdalidos,
505 2751 600 2809 vetus
628 2743 823 2832 hospitium,
851 2749 1047 2832 geminoque
1074 2740 1196 2807 doloris

251 2839 475 2927 Laetitiaeque
502 2850 597 2906 aestu
629 2851 752 2928 raptam
781 2841 973 2924 praecordia
1002 2848 1134 2904 matrem

250 2938 329 3001 Cum
356 2943 458 3003 sociis
485 2937 522 3002 ad
550 2936 702 3003 Oliviferi
726 2938 862 3026 fastigia
889 2941 1006 3002 montis

250 3035 420 3117 Perducit,
447 3056 511 3121 quo
537 3035 729 3120 discipulum
757 3056 833 3118 pars
860 3042 996 3100 maxima
1021 3035 1143 3120 pridem

249 3133 420 3214 Fluxerat,
446 3139 607 3220 insignem
634 3139 768 3217 cupiens
794 3140 944 3217 spectare
971 3134 1178 3217 triumphum.

250 3230 311 3295 llla
334 3239 442 3295 autem
469 3236 593 3318 ingenti
619 3237 684 3296 uati
713 3229 923 3298 abscedentis
946 3251 1055 3294 amore

251 3328 293 3391 Et
319 3328 481 3394 desiderio
507 3329 681 3393 comitandi
707 3333 841 3392 incensa
867 3328 1020 3413 liquescit

251 3425 359 3511 Atque
387 3426 446 3490 has
473 3426 597 3490 ardenti
624 3425 730 3491 inridit
755 3425 795 3488 de
812 3435 958 3522 pectore
985 3446 1104 3490 voces:

349 3569 378 3634 0
404 3578 498 3636 matri
525 3573 626 3638 decus
652 3592 746 3636 ornae
772 3574 868 3637 tuae!
901 3593 972 3636 meo
999 3571 1074 3636 solo
1100 3567 1270 3653 voluptas!

251 3669 280 3732 0
309 3673 447 3735 utinam!
474 3675 535 3733 nisi
562 3679 653 3734 certa
675 3679 751 3734 tuae
779 3676 943 3734 sententia
968 3675 1085 3736 mentis

251 3767 411 3832 Obstaret
435 3773 541 3848 votis,
565 3778 671 3832 tecum
700 3788 772 3831 mea
798 3774 863 3832 vitn
883 3766 1034 3850 jacentes

251 3865 348 3929 Nunc
373 3886 503 3952 quoque
529 3865 714 3930 desererem
741 3873 848 3930 terras
874 3881 1095 3948 superumque
1119 3863 1215 3928 beata

251 3963 367 4050 Regna
394 3973 475 4028 tuos·
496 3972 660 4048 peterem,
689 3967 851 4049 genitrix,
878 3966 992 4025 visura
1016 3961 1211 4045 triumphos.

253 4058 319 4122 Sed
345 4065 544 4144 vinauina,
571 4068 665 4141 nate,
691 4059 770 4124 milri
798 4069 855 4123 tua
883 4065 960 4121 rrota
986 4057 1139 4124 voluntas

253 4155 362 4222 Vincit
388 4168 422 4224 et
447 4164 571 4224 incensi
599 4163 742 4244 castigat
767 4160 912 4242 pectoris
938 4162 1061 4222 aestus.

1298 265 1438 318 att-⁷0⁰
