3082 4748
666 197 908 254 caarsmnuos
1009 275 1012 280 ⁴

240 385 275 452 ln
302 385 409 452 medio
433 383 536 450 fulvio
561 390 633 450 auri
659 385 732 450 loos
760 384 851 450 dives
875 388 989 450 arenis

240 484 359 551 Purior
380 491 517 572 argento
544 489 704 570 erumpit,
731 481 955 567 foecundaque
981 501 1058 548 rura

240 582 360 670 Irrigat
384 591 418 646 et
442 587 558 646 vitreis
584 581 752 665 trepidans
780 579 980 643 discriminat
1006 578 1112 644 undis.

241 679 406 744 Quattuor
431 699 472 744 ex
497 677 555 742 illo
578 683 667 744 rivos
692 677 906 742 celeberrima¹
931 676 1052 741 ducunt
1150 727 1152 734 ,

117 859 119 868 Α
239 777 407 862 Flumina,
435 785 468 841 et
492 774 622 840 occulto
648 795 707 860 per
727 780 823 860 prata
847 778 989 838 virentia
1014 773 1116 840 fluxu.

240 872 275 938 ln
300 873 432 940 diverse
454 881 553 939 ruunt
578 872 692 955 rapido
719 870 864 936 violenta
889 870 1039 936 tumultu.

239 972 351 1060 Tigris
379 973 418 1036 ab
446 969 609 1034 Armeniis
636 969 810 1054 detorquet
834 989 958 1032 cornua
980 974 1124 1053 campis,

239 1069 371 1153 Perque
398 1070 607 1154 pharetratos
632 1065 750 1132 Medos
775 1066 970 1152 Arabasque
997 1066 1130 1130 refusus

241 1165 432 1230 Gemmiferi
457 1185 536 1229 sese
562 1170 645 1249 ripis
670 1170 834 1252 immergit
859 1163 1035 1249 Hydaspis.

240 1262 427 1347 Euphrates
453 1268 542 1328 rauci
569 1283 628 1348 per
652 1262 784 1328 turbida
808 1282 890 1326 saxa
912 1261 1086 1347 Niphatis,

240 1359 283 1425 Et
307 1364 448 1446 pingues
474 1359 652 1447 Babylonis
679 1381 781 1448 agros
808 1359 992 1444 Erythraea
1016 1361 1145 1423 sonoris

239 1456 396 1541 Aequora
421 1459 531 1523 turbat
556 1463 660 1544 aquis.
713 1457 834 1522 Nativo
861 1456 1017 1522 concolor
1043 1477 1144 1520 auru·
1234 1507 1239 1516 .

241 1553 320 1619 Sole
348 1555 514 1620 coloratos
541 1555 676 1644 Ganges
701 1553 848 1620 interluit
874 1554 982 1619 Indos

240 1651 339 1718 Nilus
366 1654 406 1716 ab
432 1651 629 1738 Aethiopum
654 1659 754 1717 terris
782 1651 954 1717 revolutus
979 1657 1011 1716 in
1038 1647 1214 1726 Austrum,

240 1749 430 1815 Foeoundat
455 1751 596 1815 Pharias
622 1755 693 1815 rivo
720 1748 938 1836 septemplice
967 1747 1095 1837 glebas.

240 1846 335 1912 Hunc
362 1849 461 1911 Pater
487 1847 702 1931 Omnipotens
728 1846 837 1911 lucum
864 1854 898 1911 et
921 1849 1082 1912 certantia
1107 1841 1199 1910 caelo

241 1945 360 2026 Prata,
386 1951 595 2011 virescentes
620 1949 763 2009 aeternis
788 1944 925 2009 floribus
951 1946 1086 2025 hortos,

242 2042 349 2110 (lueis
375 2041 517 2108 Arabum
540 2043 625 2108 dites
647 2043 781 2128 sylvae,
809 2051 905 2128 queis
932 2042 1051 2107 nobilis
1078 2039 1196 2108 hortus

240 2139 371 2206 Alcinoi
398 2151 432 2207 et
458 2141 548 2206 fulva
574 2141 792 2226 Hesperidum
818 2145 967 2226 pomaria
986 2131 1142 2220 sordeot3

241 2239 321 2303 Cum
344 2246 506 2325 geminum
532 2248 615 2306 nutu
641 2239 761 2304 artifici
786 2240 988 2324 produceret
1014 2236 1143 2314 orbem,

240 2335 341 2399 Felici
368 2341 515 2418 nimium,
542 2336 628 2399 bona
653 2341 684 2398 si
709 2356 770 2398 sua
794 2342 929 2415 nosset,
956 2331 1081 2398 Adamo

243 2431 411 2496 Humanae
438 2436 550 2518 'gentis
576 2436 663 2514 patri
690 2435 868 2496 concessit.
919 2429 954 2493 ln
982 2449 1076 2496 omne

245 2526 371 2592 Aenum
400 2533 579 2614 progenies
605 2547 744 2611 superas
772 2535 908 2592 ventura
931 2528 993 2592 sub
1019 2547 1117 2592 aur-as

244 2626 399 2690 hnmunis
424 2624 564 2690 febrium
589 2629 762 2710 tristisque
788 2631 1107 2713 ignarascnectae,

245 2723 397 2787 lmmunis
423 2723 504 2786 lethi
532 2721 676 2808 nullique
704 2723 844 2788 obnoxia
869 2725 958 2806 fato,

244 2820 500 2886 Fortunatorum
524 2841 692 2886 nemorum
717 2841 837 2888 secura
863 2827 985 2902 vireta,

244 2916 310 2980 Par
335 2914 432 2982 laetis
459 2919 549 2984 nitidi
575 2924 684 3005 geniis
710 2918 896 2985 habitasset
922 2917 1071 3004 Olympi:

246 3012 281 3079 Si
308 3036 370 3080 non
397 3016 545 3081 audisset
570 3016 676 3104 Stygii
702 3015 869 3081 malesana
892 3021 1019 3099 tyranni

246 3112 394 3178 Consilia
418 3113 530 3178 infelix
555 3120 687 3202 genitor
713 3132 923 3198 sponsaeque
947 3113 1123 3178 trahentis.
1203 3125 1216 3178 .·

246 3211 343 3275 Nunc
368 3219 472 3297 patris
493 3212 629 3275 infausti
656 3210 776 3294 luimus
803 3214 977 3274 commissa
1002 3216 1159 3294 nepotes,

246 3307 288 3371 Et
315 3308 428 3373 durum
456 3308 606 3390 exilium,
633 3307 717 3371 caeli
742 3314 917 3394 terraeque
944 3313 1109 3394 marisque

248 3402 398 3488 Expositi
422 3406 535 3486 furiis,
564 3399 734 3470 trahimus.
785 3405 946 3490 Vitaeque
972 3411 1126 3490 necisque

248 3500 374 3565 Praeda
395 3523 510 3567 sumus
530 3507 653 3585 miseri,
675 3507 787 3590 gravis
810 3503 891 3567 haec
915 3509 1041 3588 premit,
1064 3504 1217 3590 opprimit
1234 3496 1299 3564 illa.

345 3694 396 3760 Ex
420 3694 477 3759 illo
504 3701 641 3784 geminis
668 3704 806 3781 tautum,
835 3719 918 3785 quos
945 3695 1066 3781 inclyta
1091 3701 1195 3761 virtus
1236 3739 1241 3750 .

247 3792 391 3876 Extulit,
418 3795 504 3858 huno
530 3815 683 3878 superum
713 3817 770 3860 rex
798 3801 910 3860 annuit
935 3794 1022 3858 altus
1049 3795 1229 3868 honorem,

248 3889 525 3976 Auricomumque
552 3892 701 3958 babitare
728 3915 870 3973 nemus,
887 3911 1069 3976 securaque
1093 3893 1208 3968 mortis

250 3987 403 4052 Gramina
428 3994 602 4055 concessit.
654 3991 801 4056 (dirorum
826 3995 1013 4075 primaevus
1037 3987 1192 4054 Enochus
1286 4045 1289 4052 .

249 4083 448 4152 Caelicolum
475 4087 604 4154 domino
631 4094 783 4174 princeps
809 4087 946 4154 delubra
971 4086 1130 4167 dicavit,·
1161 4132 1164 4142 ·
