3056 4758
133 223 266 274 stu-sto
642 217 750 272 LIBER
776 176 859 272 xvii.

220 403 369 488 Accipite
396 403 480 468 haec
505 407 622 468 animis
648 403 727 468 laeti
754 412 789 467 et
813 421 891 488 spes
918 401 1036 466 discite
1063 408 1200 466 vestras.

218 501 295 566 Non
322 521 402 588 ego,
426 523 489 564 non
517 505 673 581 comites,
701 520 741 565 oe
767 499 847 564 talia
869 500 1002 586 fingite,
1030 495 1117 563 dulci

218 599 395 664 ObruImur
420 607 528 662 musto
553 598 697 683 perfusi,
724 603 822 661 tertia
847 595 975 682 quondo

218 695 368 760 Nondum
394 699 566 781 praeteriit
590 701 707 779 pennis
737 693 988 780 properantibus
1014 693 1105 756 hora.

218 792 284 856 Sed
307 793 408 861 Dsus
435 798 525 876 ipse,
553 791 654 860 Draus
682 791 781 856 divini
807 796 950 856 nectaris
978 790 1098 854 haustu

218 890 326 955 Corda
351 899 451 954 novat
476 894 667 975 sanctisque
694 895 815 953 animat
838 887 1030 972 praecordia
1053 887 1204 952 flammis.

217 987 364 1052 veridici
390 995 426 1051 ut
451 985 610 1072 quondam
638 986 754 1050 Divum
778 993 874 1069 pater
899 1005 956 1048 ore
980 983 1090 1050 Jodlis

217 1083 410 1168 Pollicitus,
437 1105 475 1149 se
504 1082 645 1148 labentis
671 1083 731 1149 sub
758 1091 907 1168 tempora
931 1082 1060 1163 mnndi,

217 1182 408 1247 Pneumatis
435 1181 583 1246 aetherei
609 1179 721 1245 radios
748 1188 785 1246 et
810 1185 950 1263 mystica
975 1177 1059 1244 dona

217 1279 404 1344 Effusurnm
432 1278 521 1358 orbi,
547 1283 643 1362 queis
668 1285 703 1342 et
726 1277 809 1342 dens
836 1282 942 1340 omnis
970 1283 1004 1340 et
1030 1281 1133 1339 omnis

217 1375 319 1440 Aetas
345 1380 513 1458 perstricti
540 1381 574 1438 ct
597 1373 735 1440 fiammis
767 1373 970 1438 coelestibus
998 1377 1080 1452 acti,

217 1472 354 1537 Aemula
378 1471 525 1538 dessaeo
552 1480 683 1534 curreret
710 1471 844 1536 oracula
869 1468 1024 1557 plectro.-

216 1570 278 1635 llis
304 1568 385 1634 adeo
414 1589 474 1632 nos
500 1568 691 1632 muneribus
717 1567 894 1632 cumulavit
919 1566 959 1629 ab
986 1564 1053 1630 alto

216 1666 362 1732 Aethere
387 1671 614 1752 primItiasque
638 1664 728 1730 dedit
753 1663 978 1750 septempIIcis
1003 1683 1103 1726 aurae

216 1762 401 1847 Discipulis
429 1761 533 1826 libare
559 1767 629 1826 suis
657 1783 811 1850 germana
835 1766 978 1826 tonantis

215 1861 401 1946 Progenies
428 1859 641 1941 CHRISTUS,
668 1879 762 1945 quem
789 1880 850 1923 vos
874 1857 1066 1945 ingentibus
1092 1861 1175 1920 aetIs

215 1957 357 2044 Ingrati,
383 1956 493 2021 infami
519 1976 714 2039 suspensum
740 1961 851 2043 stipite
878 1953 998 2020 acerbo

215 2055 345 2119 Funere
372 2057 544 2117 mersIstis.
595 2051 660 2118 Sed
688 2059 773 2120 enim
800 2061 877 2138 post
901 2052 1020 2116 funera
1045 2056 1150 2116 vivum

217 2151 433 2236 Omnipotens
459 2168 596 2235 superus
623 2149 762 2216 Genitor
785 2154 952 2216 revocavit
977 2153 1009 2212 in
1036 2169 1141 2214 arces.

312 2343 451 2409 Talibus
478 2349 600 2409 orarrtis
629 2344 740 2408 verbis
766 2348 856 2422 (nam
872 2351 1017 2432 pectora
1043 2342 1172 2406 Numen

217 2445 307 2508 lntus
334 2447 404 2529 agit
429 2441 627 2528 blandisque·
648 2442 748 2509 trahit
773 2443 965 2528 praecordia
990 2440 1125 2521 vinclis)

217 2540 413 2626 Ingemuere
440 2532 569 2620 omnes,
597 2538 801 2626 scelerisque
826 2542 965 2605 horrore
992 2544 1115 2602 cruenti

217 2636 388 2718 Perculsi,
415 2657 492 2701 sese
517 2641 698 2719 aspiciunt,
724 2636 940 2720 lacrymisque
964 2635 1149 2717 madentes,

219 2732 412 2822 Agnoscunt
437 2735 564 2798 facinus
592 2737 785 2818 veniamque
813 2753 877 2798 uno
904 2753 963 2796 ore
988 2741 1175 2814 precantur.

219 2831 292 2896 (Aua
316 2831 441 2894 demum
467 2829 585 2895 infandi
614 2827 754 2894 sceleris
779 2834 904 2913 pictate
930 2835 1056 2891 reatum

132 2995 135 2998 .
216 2928 399 3016 Effugiant,
425 2927 502 3011 quid
528 2935 642 3014 agant,
671 2947 753 3010 quae
779 2947 817 2990 se
841 2931 897 2989 via
921 2930 1026 3009 prima
1050 2923 1169 2989 salutis

216 3024 394 3105 Ostendat,
420 3031 580 3109 quaerunt
605 3023 711 3108 avidi,
739 3043 882 3108 seseque
908 3029 1038 3106 paratos

214 3121 320 3188 Jussa
344 3127 458 3206 sequi,
486 3142 603 3208 magno
630 3126 796 3185 unanimes
823 3119 962 3184 clamore
988 3118 1140 3182 fatentur.

215 3220 297 3284 Tum
324 3217 443 3280 Petrus
471 3217 598 3282 blandis
624 3217 832 3302 permulcens
858 3228 990 3302 pectora
1015 3215 1144 3296 verbis,

216 3315 287 3380 llcc
311 3319 419 3401 agIte,
447 3337 465 3377 o
492 3314 633 3395 fratreS,
660 3320 779 3400 inquit,
809 3332 991 3401 magnoque
1017 3309 1132 3374 dolore

217 3413 371 3477 Certatim
399 3412 520 3476 infandi
549 3412 675 3476 facinus
701 3410 890 3476 miserabile
916 3414 985 3474 voti
1057 3456 1060 3462 ,

215 3510 384 3598 Plangite,
412 3515 445 3572 et
470 3509 587 3572 affusis
613 3516 643 3573 in
671 3509 835 3578 CHR18T1
862 3511 990 3571 nomine
1014 3503 1154 3590 lymphis

217 3608 363 3692 Corpora
388 3611 572 3693 tingentes,
598 3611 774 3669 animorum
801 3606 984 3691 abstergite
1010 3601 1126 3668 labem.

217 3705 366 3791 Namque
393 3703 558 3770 salutares
584 3708 688 3766 virtus
715 3701 822 3766 divina
847 3721 905 3789 per
930 3701 1033 3766 undas

216 3800 384 3867 Menthus
412 3800 560 3880 inclinat,
589 3798 748 3864 scelernm
775 3805 948 3864 commissu
974 3797 1075 3883 piabit

215 3898 368 3984 Puraque
395 3897 535 3963 sidereis
561 3898 716 3963 accendet
740 3905 873 3981 pectora
897 3897 1043 3960 flammis.

314 4090 374 4156 llis
401 4097 526 4155 incensi
553 4097 677 4157 animos
706 4092 806 4157 Petro
834 4108 1009 4156 accessere
1034 4093 1192 4170 monenti,
