3082 4746
660 219 903 274 CHRISTIADOS
1281 221 1420 272 tta-oue

236 409 411 492 Perpetuis
437 412 573 495 agitent.
624 403 737 491 Majus
764 411 793 470 si
820 412 923 470 morte
951 410 1085 489 perenni
1165 425 1167 435 ¹

234 507 394 586 Exitium,
421 525 522 576 saevo
549 504 724 569 intermisi
751 522 885 568 carcere
913 521 1028 566 carcer

235 605 371 668 Saevior
398 601 542 686 audiret3
569 609 602 664 tu
631 622 764 666 earcere
788 601 916 688 dignior
942 600 1017 680 iiio,

234 703 375 788 Dignior
400 705 512 764 exitio.
564 699 634 762 Diri
658 703 852 765 tristissima
876 697 974 761 Ditis.

234 799 337 864 Antra
362 797 455 882 subiq
483 814 697 881 quaecunque
724 799 810 882 nigri
835 795 1045 882 gravioribus
1071 795 1186 862 ardent

236 889 348 981 Cocyti
372 895 510 960 flammis
537 892 725 980 ergastula,
755 911 904 978 mergere
931 898 961 955 in
990 885 1066 956 iliis.

234 995 366 1060 Interea
391 997 530 1056 invisum
557 989 653 1055 coeto
680 998 855 1074 terraeque
884 990 1025 1054 cadaver
1117 1012 1120 1024 ’

235 1093 400 1175 impastae
426 1088 555 1173 fugient
580 1086 751 1167 uolucres,
776 1087 948 1172 effusaque
977 1093 1066 1154 corvi

234 1189 374 1253 Viscera
399 1193 432 1250 et
457 1189 587 1248 incauto
613 1191 643 1248 si
672 1185 800 1271 quaudo
824 1185 982 1250 accedere
1009 1205 1130 1274 gressu
1242 1227 1245 1234 -

235 1284 449 1368 Harpyaeve,
477 1286 645 1369 strigesve
672 1289 798 1364 ausint,
823 1282 978 1348 fatalibus
1004 1289 1095 1347 auris

237 1381 379 1447 Afflatae
406 1385 594 1446 moriantur.
647 1379 768 1444 Averni
795 1382 850 1446 hio
874 1381 985 1446 fabula
1010 1387 1118 1463 vivet,

237 1478 452 1565 Cecropidum
478 1483 601 1563 pestis,
626 1477 809 1542 ‘Sodomaei
832 1485 970 1564 ignavia·
987 1485 1110 1561 campi,

237 1578 345 1643 Causa
371 1580 460 1640 necis
487 1575 633 1660 lethique
658 1575 778 1640 modus
797 1583 1021 1660 morituraque
1048 1595 1209 1662 uunquam
1229 1611 1242 1628 ’-

235 1676 400 1739 Detestati
426 1674 503 1756 ibit,
531 1682 724 1760 crescetque
752 1674 883 1740 iufamia
908 1674 985 1737 facti
1083 1717 1086 1725 .

237 1771 355 1836 Saecia
381 1792 439 1856 per
466 1780 498 1834 et
523 1779 659 1858 gentes,
687 1791 769 1856 quas
795 1771 845 1834 sol
873 1791 931 1854 per
956 1780 1141 1856 utrumque*
1158 1791 1331 1838 recurrens

237 1870 420 1951 Oceanum,
448 1869 647 1956 fugiensque
673 1873 756 1932 rotis
778 1869 971 1954 despectat3
1000 1874 1130 1953 eritque

235 1965 310 2032 Nou
338 1967 632 2048 hominisnomcn,
661 1965 718 2030 sed
744 1963 939 2050 proditionis
964 1965 1080 2032 Judas.
1119 2017 1120 2022 1

252 2246 259 2258 '
341 2161 433 2226 Haec
457 2167 551 2228 iuter·
568 2183 686 2251 mag-na
713 2163 823 2247 popuii
849 2168 990 2247 stipante
1017 2170 1165 2244 caterm,

235 2259 371 2324 lniortis
398 2261 594 2328 CHRISTUS
620 2259 781 2346 religatus
807 2262 942 2326 brachia
965 2262 1083 2325 vinciis
1158 2273 1162 2281 '

236 2356 278 2421 Et
304 2377 420 2420 versas
445 2362 477 2418 iu
505 2367 602 2441 terga
627 2377 759 2439 manus,
787 2357 1003 2422 celeberrima
1027 2365 1142 2424 vastae

236 2454 383 2538 Compita
408 2473 468 2535 per
493 2458 651 2538 vicosque
678 2453 767 2517 urbis
791 2460 940 2538 pervenit
964 2459 1004 2527 tn
1024 2453 1132 2520 auiam

236 2550 415 2619 Praesidis.
469 2549 649 2614 Ausonium
675 2557 879 2616 cunctantem
904 2551 943 2616 ad
971 2551 1082 2616 limina
1108 2557 1200 2637 primi

236 2647 414 2712 Leuiadum
441 2653 631 2732 expectant3
658 2656 693 2711 ut
718 2655 824 2733 uenit,
852 2649 952 2714 muita
976 2649 1075 2715 faceti

235 2745 420 2827 Excusant,
448 2744 535 2828 quod
562 2744 735 2810 Pascbalis
761 2747 910 2815 solennia
935 2737 1015 2813 festi
1074 2755 1075 2758 ’

235 2841 418 2928 introgredi
445 2840 549 2906 Latiis
573 2843 765 2928 penetralia·
784 2867 877 2910 sacra
904 2853 1054 2911 vetarent

236 2938 442 3004 Numinibus.
495 2940 601 3006 Moris
625 2963 686 3008 nou
714 2947 840 3008 inscius
866 2943 942 3025 iiie,
972 2943 1135 3029 benignus

236 3035 372 3100 Accedit
400 3043 485 3102 votis
511 3043 659 3127 ipsisque
685 3061 704 3104 a
729 3040 879 3123 postibus
906 3038 1019 3103 aulaez

236 3134 330 3200 Quae
356 3155 417 3200 vos
444 3157 538 3201 inaure
565 3159 647 3200 novo
675 3144 709 3200 et
734 3136 823 3200 festa
848 3139 909 3200 sub
936 3137 1009 3200 luce
1035 3142 1215 3201 revinctum

236 3230 389 3315 Objicere
414 3234 498 3297 huuc
518 3233 672 3316 juvenem
695 3233 850 3298 Romanis
876 3234 1023 3298 fascibus
1046 3245 1144 3321 urget

236 3331 344 3394 Causa
370 3335 509 3414 patres?
536 3351 690 3414 proceres
718 3338 865 3400 certatim
893 3353 958 3394 uuo
982 3351 1037 3394 ore
1064 3333 1261 3398 frementes:

234 3427 368 3514 Ergone
395 3449 455 3492 nos
481 3449 636 3512 superum
662 3433 734 3514 regi
762 3433 933 3512 sacrisque
955 3427 1083 3493 dicatos

235 3524 401 3590 insontem
427 3524 544 3589 vinclis
567 3532 742 3602 arctatum,
769 3530 968 3610 aequissime
988 3525 1107 3608 judeu,

234 3623 361 3686 Funere
384 3621 596 3687 damnandum
623 3627 783 3686 immerito
810 3622 848 3686 ad
877 3628 1042 3706 praetoria
1066 3623 1175 3688 credis

236 3718 390 3782 Ducere.o
417 3739 478 3781 non
510 3738 549 3781 ea
575 3725 625 3783 vis
651 3719 734 3799 odii,
761 3741 820 3784 nec
844 3727 935 3785 tauta
960 3728 1086 3787 cruoris

235 3813 418 3902 Spargeudi
445 3819 518 3878 sitis
543 3815 760 3880 Arnramidum
788 3817 979 3904 praecordia
1004 3827 1145 3906 torquet.
1185 3846 1188 3854 Δ

235 3911 322 3978 otiis
348 3912 462 3978 sedato
489 3913 657 3998 respoudit
683 3924 816 3997 pectore
839 3915 960 4000 judex:

234 4008 303 4073 Vos
326 4032 432 4096 penes
457 4011 622 4074 arbitrium
650 4016 738 4076 vitae
765 4018 942 4098 mortisque
966 4020 1130 4100 potestus,

235 4106 269 4171 iu
295 4107 485 4175 desertores
512 4107 598 4195 tegis
626 4119 733 4175 rnanet
758 4110 864 4196 ampla
889 4121 1054 4196 paternae.
