3060 4752
662 215 906 272 eiiusrlsnos

236 403 377 472 Monstri
404 405 608 468 immansueti
637 401 715 467 diris
739 422 759 466 e
784 401 1036 483 iacoibnsipsc

236 503 385 571 Attonita
410 505 532 585 ruptis,
559 510 686 586 captam
713 500 873 566 dimittere
899 498 1050 584 praedam

235 601 386 668 Jnssisti.
437 598 530 664 Heu!
553 604 689 680 iterum,
717 602 864 683 quamvis
889 605 943 661 ter
974 601 1078 678 vieta,
1105 597 1266 680 resurgit,

236 698 279 763 Et
304 706 337 762 te
362 697 454 782 (quis
480 697 607 776 credet)
634 701 749 760 victrix
773 701 929 778 pereunte
954 693 1145 778 triumphat.

238 797 267 861 0
294 799 416 859 utinam
443 814 519 877 pars
545 798 621 877 ipre
644 797 711 872 tui,
737 812 826 856 mors
852 791 939 873 dira,
966 790 1121 875 triumphi

238 892 424 958 Extinctum
449 909 610 974 sequerer
634 887 702 952 feto
729 908 923 974 quocunque
949 886 1158 976 magistrum!

239 988 325 1055 (iord
352 995 457 1052 tamen
483 985 565 1050 beu!
591 983 702 1051 stultis
730 992 866 1050 mortem
891 1005 1015 1050 verane
1040 983 1183 1072 querelis
1320 1011 1324 1020 ⁴

239 1086 389 1152 Sollicito
413 1085 693 1168 frustra·votique
717 1085 879 1170 indignatJ
905 1084 991 1169 quod
1014 1091 1117 1169 opto,·

239 1183 306 1248 Cur
332 1204 395 1246 non
421 1186 496 1266 ipsa
521 1201 634 1262 manu,
662 1180 787 1267 qnando
813 1180 908 1246 dolor
935 1189 1034 1270 urget
1054 1197 1231 1264 emorque,

239 1278 406 1364 Exequor‚
432 1280 630 1364 abrumpens
656 1284 783 1346 invisae
807 1279 919 1346 taedia
943 1278 1055 1347 lucis?

337 1471 430 1538 llaec
454 1493 653 1556 memorans,
679 1479 806 1559 sparsis
831 1473 940 1540 divino
966 1477 1128 1560 sangnine
1153 1467 1260 1536 elaris

240 1568 365 1635 Oscula
387 1567 444 1634 dot
468 1590 629 1655 versaque
655 1571 694 1637 ad
714 1581 839 1656 pectus
865 1570 1019 1658 cuspide,
1044 1575 1159 1634 tristes

240 1666 345 1732 Corde
370 1668 505 1732 trahens
531 1674 594 1732 imo
621 1675 782 1755 gemitus,
810 1677 922 1754 optata
946 1667 1050 1733 dolori

239 1764 320 1830 Tela
345 1784 419 1828 meo
444 1785 646 1852 magnoque,
662 1771 793 1850 inquit,
820 1771 1014 1853 gratissima
1037 1764 1161 1828 amum!

240 1861 347 1926 Quam
372 1864 451 1926 mibi
477 1861 572 1928 deleo
598 1863 686 1927 foret
709 1863 811 1928 libras
836 1864 1045 1928 mucronibus
1069 1866 1147 1926 istis

239 1958 458 2046 ingratasque
484 1979 593 2026 moras
619 1967 743 2027 animae
768 1979 979 2047 perrumpere
1003 1967 1039 2024 et
1066 1957 1125 2028 illo

240 2055 407 2122 Exanimis
433 2056 563 2124 Domini
589 2062 633 2136 (si
660 2060 730 2141 ias)
756 2063 898 2123 miscere
924 2077 1042 2124 cruore

241 2152 418 2242 Sanguinis
444 2157 544 2222 iniixo
567 2155 739 2222 salientem
761 2175 781 2220 e
805 2163 941 2240 pectore
966 2160 1080 2220 rivum.

241 2249 307 2316 Sed
332 2259 424 2316 vetat
449 2252 513 2318 hoc
538 2273 692 2337 superum
718 2257 850 2318 miseris
875 2254 938 2318 beu
966 2251 1048 2317 dura
1073 2249 1241 2329 voluntas,

241 2347 284 2413 Et
307 2367 401 2412 meus
428 2349 489 2412 boc
513 2350 641 2414 facinus
666 2355 736 2428 (oui
762 2369 825 2413 nou
851 2367 971 2432 perere
994 2347 1048 2414 rel
1074 2353 1149 2434 ipso

241 2444 352 2510 lnvisa
378 2450 512 2531 gravius
537 2451 605 2511 vita
630 2449 702 2523 est)
728 2446 894 2511 damnaret
917 2444 1031 2512 Jecur.

242 2539 424 2606 Parendum
446 2551 504 2606 est
529 2549 672 2626 sanctis,
704 2547 800 2629 queis
824 2543 964 2608 subsunt
989 2549 1115 2626 omnic,
1136 2539 1253 2625 jussis.

243 2638 308 2704 Pro
336 2645 368 2701 te
395 2639 448 2704 vel
475 2645 597 2723 vivom,
623 2647 675 2706 cui
701 2661 838 2726 prome
865 2640 959 2708 dulce
984 2647 1095 2728 perire

242 2734 375 2801 Christe
400 2734 478 2821 fuit,
506 2737 672 2827 longeque
698 2745 835 2806 enimam
861 2741 923 2806 sub
950 2742 1261 2824 mortegornentem

242 2832 438 2898 Protrabam
461 2841 492 2900 iu
518 2855 641 2902 exosae
667 2843 862 2904 tristissima
886 2838 957 2904 fcta
983 2843 1147 2902 senectae.

243 2929 286 2995 At
311 2935 450 2998 miserae
475 2941 623 3019 requiem
652 2955 713 3000 nec
738 2934 793 3000 lux
819 2955 879 3000 nec
903 2940 1006 3001 amice
1030 2937 1145 3018 sopori

243 3029 320 3094 Nox
345 3029 537 3119 indulgebit.
589 3033 653 3098 Per
678 3033 785 3099 lucem
808 3031 848 3096 ad
874 3033 975 3097 charo
1000 3029 1168 3115 sepulchri

244 3125 396 3192 Claustra
416 3128 548 3208 sedens,
571 3129 726 3216 lacrymis
747 3149 899 3215 spargam
921 3127 1110 3192 venerabile
1133 3143 1292 3207 mernorq

242 3224 308 3288 Per
333 3235 461 3290 noctem
490 3226 582 3314 vigili
608 3233 728 3292 sitiens
752 3226 910 3290 elimenta
934 3223 1061 3306 dolori,

243 3320 338 3384 Nunc
363 3329 498 3388 memori
525 3331 673 3408 repetam
698 3323 761 3386 rub
786 3327 939 3406 pectore,
966 3320 1117 3409 quieqcirl
1144 3319 1184 3386 ab
1211 3325 1295 3405 ipsis

244 3417 422 3482 Nascentis
449 3426 541 3486 curus
568 3421 608 3486 ad
635 3419 745 3485 acerbi
772 3420 907 3486 vulnera
933 3420 1018 3486 lethi

244 3511 386 3577 Adversi
411 3517 575 3601 incubuit3
602 3518 695 3582 nitidi
721 3537 804 3582 nunc
826 3537 926 3582 aurea
950 3516 1036 3582 coeli

246 3608 363 3674 Sidera
387 3616 591 3698 suspiciens,
619 3620 750 3699 quoties
775 3617 837 3680 snb
864 3614 996 3680 caerula
1021 3617 1115 3700 ponti

245 3705 410 3773 Occiduos
437 3717 599 3776 astrorum
624 3716 719 3799 ignes
745 3733 783 3778 se
807 3732 960 3801 mergere
986 3729 1132 3792 cernam,

247 3803 411 3869 Ocooscm
437 3807 600 3893 funusque
626 3819 716 3874 tunm
740 3809 907 3896 durosque
932 3809 1066 3875 labores

245 3901 280 3966 ln
307 3911 449 3970 mentem
474 3925 651 3988 revocans,
678 3906 771 3991 cujus
796 3907 857 3973 sub
883 3907 1004 3972 lumine
1029 3905 1173 3990 pridem,

247 3997 320 4064 Heu
346 4005 477 4069 nimium
501 4002 602 4087 felix,
627 4010 792 4091 vitamque
819 4010 1022 4090 animamque
1045 4002 1233 4085 trahebam

249 4095 425 4184 Perpetuis
450 4109 569 4168 terram
597 4108 720 4186 pariter
745 4102 939 4188 coelumque
965 4100 1110 4186 querelis
