3082 4746
684 217 924 272 cntrrsrrnnos

267 407 425 492 Purpura.
477 404 613 470 Divinos
638 425 729 470 arnor
754 412 808 471 cst
832 403 991 470 accedere
1014 402 1124 471 fontes

265 505 511 596 Egregiumque
535 524 609 568 mco
635 507 736 590 capiti
761 502 911 568 diadema
935 521 1052 586 parare

265 602 316 669 Ex
340 602 434 684 aliis,
459 609 517 664 tna
542 621 626 686 quae
652 607 829 666 secuerunt
853 609 1017 684 temporo,
1046 605 1160 684 spinis.

266 700 349 766 Sunt
373 720 456 785 quos
484 704 664 764 castrensis
691 697 792 762 decus
818 695 999 762 immortale
1025 719 1166 764 coronae

265 797 417 882 Alliciat3
444 803 520 862 sunt
543 817 627 881 quos
653 816 672 858 c
698 799 829 878 quernis
857 799 961 858 civica
987 800 1086 860 ramis

265 895 423 961 Blandins
451 898 583 975 invitet,
611 893 793 957 Casinatem
818 892 871 955 hic
897 892 1061 978 praeferet
1085 913 1168 958 auro

264 993 410 1058 Dilatum
435 995 555 1054 sitiens
582 987 727 1075 laudern,
752 989 792 1054 de
816 995 962 1076 gramine
988 998 1113 1056 sertum

265 1091 445 1155 Cunctator
471 1096 607 1171 quaerat
633 1086 771 1168 Fabius,
798 1085 837 1150 de
860 1091 987 1173 virgine
1013 1087 1105 1153 lauro

265 1185 469 1272 (luadrijugn
496 1184 619 1249 Caesar
644 1185 805 1250 scandens
830 1184 985 1268 capitolia
1011 1205 1126 1266 curru,

264 1283 310 1349 At
335 1284 415 1348 mihi
440 1287 641 1369 sanguineae
668 1282 866 1348 circumdent
890 1289 1037 1367 tempora
1062 1288 1187 1366 apinae.

265 1380 337 1452 Hoc
361 1385 455 1469 regis
481 1378 630 1446 diademo
655 1385 717 1445 mei
744 1389 814 1462 est,
839 1378 971 1446 felicius
998 1386 1084 1444 omni

265 1477 409 1562 Fronde,
435 1477 644 1561 triumphalis
669 1478 771 1543 radiis
797 1478 962 1543 illustrius
988 1482 1069 1541 auri.

265 1575 337 1641 Hoc
361 1583 495 1641 mortem
522 1580 697 1658 interimit,
725 1581 876 1641 vitiorum
905 1576 967 1640 boo
993 1579 1103 1639 tristia
1130 1575 1251 1664 barigit

266 1672 416 1759 Spicula,
443 1682 477 1740 et
504 1672 662 1738 obsessos
686 1679 793 1738 ventis
817 1681 851 1736 et
876 1671 1030 1737 fluctibus
1057 1680 1152 1738 actos

265 1771 373 1856 Eripit
399 1791 535 1836 occano.
586 1771 745 1858 Reparati
772 1772 853 1836 hoec
879 1775 981 1836 civico
1007 1770 1116 1836 mundi
1142 1779 1203 1835 est.

363 1964 455 2031 llaec
480 1989 542 2032 nos
565 1972 664 2032 irriso
691 1989 753 2032 non
783 1966 882 2054 digna
904 1973 940 2030 ot
966 1965 1076 2030 debita
1103 1973 1176 2055 regi

267 2061 442 2129 Solvimus.
495 2063 557 2129 nst
583 2063 657 2130 aliis
681 2072 859 2131 maternum
887 2068 1034 2129 exercito
1060 2072 1176 2148 pectus

265 2160 453 2245 Fluctibus,
480 2171 657 2229 extremum
683 2167 830 2228 morituri
859 2182 995 2228 cernere
1023 2169 1089 2227 nati

266 2257 491 2344 Supplicium,
518 2268 682 2326 extremus
708 2259 822 2326 audire
849 2269 882 2324 et
908 2258 1046 2324 reddere
1073 2279 1190 2341 voces,

266 2354 326 2432 (Ni
352 2376 465 2420 vocem
490 2365 581 2420 vetet
606 2363 654 2421 irc
680 2356 789 2432 dolor)
815 2359 950 2423 festinat
976 2361 1090 2420 amicis

267 2451 494 2536 Nequicquom
515 2460 634 2516 contra
657 2452 875 2517 suadentibus
900 2471 1002 2516 aurea
1026 2459 1131 2541 virgo.

267 2547 400 2613 Addunt
424 2567 469 2618 se,
487 2555 625 2614 comites
650 2549 748 2614 cinara
775 2569 846 2617 curn
870 2555 972 2615 matre
998 2548 1186 2634 dobunncs,

267 2643 434 2732 Magdulis
460 2655 495 2710 et
520 2645 686 2730 Cleupbae
712 2647 829 2732 conjux
855 2646 1010 2730 Mauro,
1038 2655 1183 2733 parentis

267 2742 447 2829 Virgineus
474 2763 571 2810 soror
596 2748 650 2821 [ut
675 2745 864 2829 perhibent)
891 2745 1088 2833 Cbusaeqne
1114 2752 1249 2827 marito,

268 2841 371 2905 Dives
396 2864 492 2929 opum
518 2841 677 2931 largaque
700 2864 795 2909 manu
820 2843 1017 2929 profundere
1044 2841 1194 2932 gaudens

267 2937 302 3002 lu
328 2942 485 3024 miseros,
512 2962 594 3027 quas
621 2941 760 3028 prodiga
785 2961 868 3029 opes
893 2942 1024 3006 fortuna
1048 2946 1220 3006 ministrat

267 3036 436 3104 Lamentis
458 3040 616 3104 fervescit
641 3045 725 3121 iter,
750 3044 908 3122 varioque
934 3037 1074 3104 tumultu

267 3133 483 3221 Plangentum
505 3140 621 3201 tristes
647 3141 720 3224 agri
745 3134 942 3220 viduataque
967 3155 1085 3222 magno

267 3230 406 3316 Hospite
430 3254 508 3297 rura
533 3242 679 3319 gemunt.
731 3233 905 3298 (iuuerunt
928 3232 1081 3299 alimenta
1106 3231 1230 3316 dolori,

266 3327 341 3393 Heu
366 3335 524 3412 miserae,
551 3339 586 3394 ct
611 3349 734 3395 saevae
759 3330 888 3394 lacinus
913 3328 1100 3396 miserabile
1128 3336 1234 3396 noctis

268 3422 421 3490 Auditum
448 3431 548 3490 toties
574 3432 756 3512 iterumque
781 3431 965 3512 iterumque
991 3427 1141 3516 fatigant.

268 3521 364 3586 Nunc
390 3523 508 3609 quibus
534 3529 699 3588 accinctus
723 3528 872 3588 venisset
895 3523 1044 3609 proditor
1071 3530 1187 3605 armis,

268 3618 344 3686 (luo
371 3621 531 3686 dominum
556 3619 647 3686 vultu
674 3621 860 3706 amplexus,
887 3642 993 3706 quave
1020 3622 1134 3688 oscula
1159 3623 1268 3686 fronte

266 3718 442 3784 Detestotn
468 3719 572 3801 dedit,
600 3723 651 3782 cui
678 3719 822 3784 dextram
848 3717 993 3785 fervidus
1021 3741 1133 3786 curem

268 3814 453 3882 Abstulerit
478 3817 619 3900 Petrus,
650 3837 715 3904 qua
741 3817 903 3905 diffugere
927 3825 1108 3884 trementes
1162 3842 1165 3850 ·

269 3914 447 4000 Discipuli,
474 3916 591 4002 quibus
615 3914 734 3980 occulti
760 3914 888 3982 latuere
914 3917 976 3981 sub
1003 3919 1119 3982 antris.

268 4010 366 4078 Nune
391 4013 509 4099 quibus
537 4018 643 4079 invisa
668 4013 811 4102 Caiphae
835 4012 982 4079 crudelis
1009 4019 1041 4078 in
1067 4011 1143 4078 nula

268 4108 434 4196 Exceptus
457 4115 573 4196 poenis
599 4129 658 4196 per
682 4120 828 4194 noctem,
856 4121 891 4176 ct
916 4117 991 4195 quis
1017 4110 1081 4176 init
1105 4108 1179 4184 ille,
