3056 4758
646 231 893 288 crmtsrrnnos

223 415 294 484 Una
319 417 426 482 tribus
448 423 569 502 pietas,
596 427 730 503 natura,
757 424 912 502 scientia,
938 424 1058 503 virtus,

222 515 396 602 Impatiens
421 521 565 598 numeri,
591 525 625 582 et
650 515 791 604 simplex
816 522 1005 602 rapientia,
1026 517 1120 602 cujus

221 613 350 678 Artifici
376 612 478 677 uerbo
503 614 608 680 moles
635 636 776 700 operosa
798 622 927 680 corusci

221 710 380 777 Aetheria
403 718 439 775 et
464 710 551 777 coeli
574 712 708 776 stellata
733 711 944 797 decemplicis
969 711 1046 777 aula
1142 709 1145 712 ’

221 809 345 874 Prodiit
369 816 403 872 et
429 814 514 874 uasti
539 808 758 895 pulcherrima
782 811 929 875 machina
953 810 1070 876 mundi.

221 905 369 995 Aligeris
398 908 542 988 coelum,
568 916 677 971 terrae
704 906 829 972 devera
853 916 966 972 creato

222 1005 396 1071 Conuenit
420 1005 569 1070 fraenare
596 1003 738 1091 bomiui3
765 1009 815 1068 cui
843 1005 983 1070 condidit
1009 1005 1122 1070 orbern

222 1103 489 1192 omnigenasque
516 1102 606 1166 orbis
633 1100 747 1186 proles
773 1102 1000 1190 elementaque
1027 1123 1153 1184 rerum,

220 1201 387 1285 Sepositis
415 1211 563 1264 connexa
590 1200 674 1264 odiis
700 1199 888 1264 famularier
914 1200 970 1265 olli

218 1297 329 1364 dussit
354 1304 388 1362 et
413 1318 453 1363 ex
479 1297 546 1362 illis
573 1306 679 1363 ortum
705 1297 860 1363 ducentia
882 1304 999 1364 causis.

217 1396 368 1481 Namque
394 1395 557 1477 hominem
582 1415 691 1461 rerum
715 1395 898 1477 dominum,
925 1396 1102 1481 vultusque
1129 1403 1253 1463 creavit

217 1491 372 1582 Effigiem
398 1493 491 1557 Deus
513 1499 587 1576 ipse
612 1500 663 1558 sui
688 1492 838 1578 caelique
864 1515 1037 1579 capacem,

217 1591 253 1656 Si
280 1591 375 1656 modo
402 1599 453 1654 tot
478 1601 593 1677 gratus
620 1589 728 1674 donis,
756 1599 805 1654 tot
836 1591 1016 1658 honeribus
1041 1600 1174 1672 auctus,

217 1687 344 1754 Artifici
371 1687 582 1754 famularetur
607 1687 804 1774 dominoque
830 1697 987 1756 minorem

217 1786 263 1852 Sc
288 1793 437 1875 gereret,
465 1791 581 1850 meritc
609 1794 734 1874 patrem
761 1797 938 1852 veneratus
965 1806 1088 1852 amere.

216 1885 337 1950 Verum
362 1887 418 1949 ubi
442 1885 589 1949 Tartarei
617 1884 768 1950 delusum
792 1882 962 1950 fraudibus
987 1890 1106 1972 anguis

216 1984 453 2068 Captivumque
479 1981 582 2062 videt,
607 1987 779 2069 patrioque
805 1987 836 2046 in
865 1989 998 2049 crimine
1024 1987 1127 2047 tutum

216 2081 410 2167 Deperiisse
433 2101 557 2168 genus,
576 2079 703 2164 justam
729 2086 923 2146 mitissimus
949 2085 1030 2145 iram

216 2180 413 2263 Temperat,
441 2187 476 2242 et
501 2177 589 2243 dulci
615 2184 721 2242 victus
748 2184 881 2263 pictatis
907 2198 1036 2257 amore,

215 2277 373 2343 Funditus
399 2295 536 2342 eversae
562 2281 679 2340 statuit
705 2297 901 2342 succurrere
926 2281 1029 2362 genti.

215 2373 310 2438 Mille
338 2379 410 2438 viae
435 2372 616 2438 foecundus
632 2390 736 2438 amor
761 2380 934 2458 pietasque
956 2371 1092 2458 juvandi

216 2472 371 2553 Prompta
397 2471 613 2535 ministrabat.
665 2469 785 2535 Verum
813 2477 898 2534 inter
924 2469 1012 2536 mille
1035 2469 1189 2554 placebat

214 2567 276 2632 Illa
301 2573 425 2655 magis,
454 2568 567 2632 tumidi
594 2588 658 2652 qua
682 2573 790 2632 invisa
811 2567 970 2652 superbia
994 2567 1099 2650 Ditis,

214 2664 291 2729 dam
318 2663 472 2730 debellati
498 2670 624 2731 victrici
651 2687 671 2730 a
696 2671 799 2752 stirpe
825 2670 971 2750 parentis

215 2761 353 2846 Fracta,
376 2768 587 2851 ignominiam
614 2764 722 2852 Stygii
751 2763 939 2848 clademque
966 2767 1091 2848 tyraum

215 2860 376 2950 Augerei.
429 2862 542 2927 Patris
567 2869 692 2928 aeterni
720 2862 852 2928 decreta
876 2880 1083 2948 capessens,

215 2960 318 3025 Filius
345 2966 569 3043 omnipotens,
596 2981 660 3045 quc
686 2966 825 3025 invisum
851 2959 985 3024 falleret
1009 2977 1150 3044 anguem

214 3057 366 3122 Numinis
395 3057 628 3143 indeprensus,
656 3055 908 3124 inobservabilis
939 3077 1048 3135 error,

215 3154 385 3221 Humanae
411 3155 517 3219 voluit
543 3164 649 3220 tectus
674 3157 736 3220 sub
762 3161 904 3243 imagine
928 3154 1071 3233 formae,

216 3252 440 3319 Dissimulare
466 3253 569 3318 Deum
597 3263 772 3337 iratamque
798 3273 839 3317 cx
865 3253 982 3315 arbore
1006 3256 1140 3314 mortem

215 3347 475 3435 Taenariumque
503 3356 574 3415 auis
601 3351 799 3437 praedonem
826 3360 978 3415 sternere
1004 3347 1093 3412 telis.
1116 3387 1123 3398 ι

212 3444 303 3532 Ergo
332 3448 386 3510 ubi
413 3447 554 3512 delirum
581 3457 718 3515 aeterno
745 3446 953 3512 volventibus
980 3451 1081 3511 astris

213 3541 359 3607 Consilio
385 3545 509 3609 affulsit
536 3555 683 3630 tempus,
711 3545 866 3630 delapsus
893 3543 1049 3629 Olympo,

212 3638 325 3706 Morte
348 3661 411 3704 sua
435 3649 569 3728 generis
595 3648 717 3708 crimen
744 3663 913 3708 commuue
938 3641 1079 3722 refellit,

211 3739 352 3824 Jamque
376 3739 576 3822 triumphato
603 3740 711 3821 lethu,
738 3739 931 3806 immortalis
962 3745 992 3802 in
1019 3738 1129 3804 orbem

211 3835 239 3900 E
264 3836 387 3902 tumulo
414 3835 512 3900 rediit
537 3855 742 3922 superasque
769 3837 927 3902 ascendet
950 3842 982 3899 in
1009 3855 1123 3904 arces.

211 3933 334 4000 Clausa
358 3934 547 4000 reclusurus
575 3940 670 4018 patrii
697 3933 878 4019 penetralia
902 3938 1007 4022 regni.

210 4030 258 4095 Eu
284 4032 362 4115 tibi,
388 4041 425 4100 ut
450 4037 597 4098 externis
621 4031 970 4120 profugusconnubia
992 4036 1023 4094 iu
1051 4035 1119 4094 oris

210 4127 354 4196 lsacidee
380 4137 534 4217 quaeret,
560 4150 745 4218 magnoque
771 4137 925 4196 incensus
952 4149 1080 4210 amore,
