3082 4746
136 217 269 272 illd-w
674 213 783 270 hibuit
807 215 875 276 ix..

221 399 255 468 ln
282 403 359 464 natu
384 405 493 466 natum
515 403 649 484 quaerit
673 397 861 466 miseranda
886 403 1037 486 peritque

221 497 437 581 lnveuiendo,
462 517 587 585 aegrae
612 501 764 586 geminus
789 496 982 580 praecordia
1005 503 1120 564 matris
1162 538 1165 546 ι

220 596 356 662 Fluctus
382 600 472 681 agit3
499 595 618 660 charae
643 617 763 681 corpus
791 593 978 660 miserabile
1005 594 1128 679 prelis,

130 713 133 745 ¹
221 693 432 778 Vulneraque
454 697 577 762 invites
602 691 719 758 oculos
744 691 884 758 lustrare
905 691 1045 777 jubebat

219 792 423 878 Imperiosus
448 810 556 876 amer3
579 810 735 856 crescens
761 795 834 854 sine
861 787 937 877 lege
963 789 1025 856 sub
1048 794 1122 875 ipro
1188 821 1192 826 =

220 889 367 972 Aspectu
393 886 502 970 dolor,
529 887 649 955 allisos
673 887 881 970 retrahebat,
908 896 1048 972 utroque

219 985 291 1054 lluc
319 984 399 1051 illuc
428 993 524 1052 aestu
550 991 697 1073 genitrix
722 984 880 1070 impulsa,
906 985 1090 1053 madentem

218 1081 363 1150 Sustulit
387 1083 429 1152 ad
453 1103 598 1169 superus
621 1081 743 1151 uultum
769 1087 979 1170 gemitusque
1005 1081 1195 1152 resolvens:
1224 1123 1226 1130 ·

309 1275 473 1344 Haeccine
493 1297 605 1365 regne,
627 1281 742 1362 lnquit,
765 1275 853 1344 tales
873 1285 968 1362 pater
987 1275 1073 1342 alme
1088 1279 1269 1363 triumphos

217 1373 430 1462 Spcudebas,
458 1397 532 1442 eum
557 1371 690 1442 sid'eree
714 1373 846 1462 legatus
863 1371 911 1440 ¹ab
936 1395 1013 1440 arce

216 1471 398 1538 Aeternum
424 1470 559 1541 Gabriel
584 1478 678 1560 regni
705 1477 853 1556 promisit
878 1473 1063 1540 bonorem?

216 1568 307 1636 llaec
334 1577 387 1635 est
412 1569 470 1636 illa
494 1577 542 1638 tul
568 1569 707 1636 Davidis
731 1590 892 1656 purpure,
917 1573 1029 1656 magni

216 1667 287 1734 lluc
313 1676 482 1752 sceptrum
504 1673 614 1755 regis,
640 1673 691 1734 sic
715 1689 777 1734 nus
802 1673 833 1732 iu
861 1686 967 1756 regna
992 1668 1155 1750 repense

216 1766 266 1831 Tu
291 1785 420 1852 quoque
446 1765 487 1829 ab
513 1767 670 1832 aetheree
697 1770 817 1832 venisti
843 1774 920 1832 nate
944 1769 1094 1853 parentis

215 1861 353 1929 Aeterni
378 1861 463 1927 solio
489 1862 690 1950 illabataque
717 1869 848 1930 viscera
873 1869 987 1930 metris

216 1960 410 2046 Bisgenituu
436 1960 588 2044 subiisti,
615 1971 652 2027 nt
676 1958 884 2026 lamentabile
910 1958 1034 2026 saeclis

218 2057 378 2120 Omnibus
403 2055 555 2122 indueres
581 2057 729 2122 diadema
754 2061 897 2142 tuisque
912 2056 1080 2122 rubentem

219 2151 418 2216 Vulneribus
441 2154 603 2220 tunicam?
630 2152 705 2237 quid
730 2162 764 2218 te
789 2152 1017 2238 plaudentibus
1043 2151 1118 2218 olim

218 2249 420 2314 Caelicolum
445 2255 624 2334 perinane
651 2251 779 2333 eberis,
804 2257 965 2337 partuque
991 2249 1113 2317 doloris

215 2344 354 2433 Ignara,
377 2347 498 2414 munde
517 2346 614 2432 juvat
639 2347 797 2416 effudisse
822 2352 1002 2432 stupente?

216 2442 312 2510 Nune
339 2465 376 2526 n,
403 2466 489 2510 nune
514 2447 627 2530 peric!
652 2445 789 2512 redeunt
815 2445 1070 2532 dilatupa1·enti

217 2541 394 2606 Tormenta
419 2550 455 2606 et
477 2548 630 2610 miseram
655 2549 821 2632 geminate
847 2541 964 2609 funere
991 2551 1126 2610 matrem

215 2635 358 2702 Saenius
385 2642 588 2706 interimunt:
615 2647 749 2726 quiete
774 2662 837 2706 nnn
863 2641 1007 2708 aetheris
1032 2644 1141 2720 auris,

215 2733 282 2800 Sed
307 2734 433 2800 tumulo
458 2735 514 2802 bic
540 2736 877 2818 parmenonibuudum
903 2737 1023 2804 educit.
1076 2736 1112 2800 ln
1139 2756 1236 2800 unum

215 2829 277 2897 llei
303 2831 400 2896 mibi!
425 2837 614 2916 conspirant
637 2833 846 2902 CHRISTUM
873 2831 1040 2919 tellusque
1066 2831 1244 2917 polusque,
1465 2915 1467 2922 y

213 2927 248 2991 ln
273 2927 436 2996 dominum
462 2935 591 3014 superi,
618 2935 650 2994 in
676 2933 784 2996 natum
807 2938 910 3014 peter.
962 2929 1027 2996 Hei
1047 2928 1134 2994 milri
1159 2932 1190 2993 in
1205 2946 1313 3002 ,unam
1381 2935 1383 2945 '

214 3025 331 3090 Omnia
357 3023 543 3110 conjurent,
567 3035 600 3092 et
622 3034 657 3091 tu
683 3046 815 3112 qunque
841 3037 932 3111 nate,
956 3026 1143 3114 parentem!

213 3122 296 3187 Nam
322 3125 380 3188 tibi
412 3129 485 3209 quis
508 3132 622 3190 tentos
648 3129 752 3190 invito
777 3123 900 3190 inferre
926 3123 1060 3192 delores
1103 3205 1106 3214 Ι

213 3218 274 3283 Vel
298 3227 439 3286 miserae
467 3227 582 3302 metri,
608 3225 671 3286 nisi
696 3228 729 3286 te
756 3224 846 3297 (mee
871 3228 954 3300 vita)
979 3220 1133 3302 valente,

212 3314 385 3384 AuderetP
411 3323 537 3384 cuinam
565 3339 623 3402 pre
650 3326 684 3383 te
710 3325 764 3403 pia
788 3328 867 3386 veta
891 3319 1061 3386 refundam

213 3413 419 3481 Aerumncsa
443 3419 590 3498 parens?
615 3419 773 3500 superis?
799 3420 979 3504 petrique?
1004 3415 1149 3503 profusis

212 3511 416 3578 Obstruxere
442 3534 542 3578 aures
567 3513 738 3598 precibus3
767 3514 852 3580 tibi?
878 3514 1009 3582 scilicet
1033 3513 1134 3582 erbee

212 3605 248 3672 Si
274 3618 309 3674 te
334 3618 384 3675 tot
410 3609 576 3693 lacrymae
596 3617 783 3696 patuissent
809 3611 945 3680 flectere
970 3615 1101 3694 metris,

213 3706 288 3771 Non
317 3707 377 3773 teli
403 3712 588 3792 aspicerem
613 3707 797 3772 redimitum
823 3716 971 3794 tempore
998 3715 1108 3790 serto,

114 3803 117 3812 ’
212 3802 285 3868 Non
311 3812 423 3870 tunica
447 3806 509 3870 bac
532 3812 662 3870 tectum
714 3805 930 3873 Gbeuauecae
954 3815 1033 3872 uate
1057 3807 1220 3894 benignus

211 3900 255 3964 Et
277 3901 395 3968 viduae
419 3901 580 3986 lacrymas
605 3912 706 3988 etque
731 3903 803 3968 urbi
828 3910 934 3990 patris
958 3903 1099 3970 acerbes

211 3995 362 4081 Aspectu
388 3998 498 4066 facilis
523 4006 685 4087 gemitum
711 4020 780 4084 ne,
809 4022 860 4068 me
883 4020 1013 4087 queque
1039 4006 1114 4064 nate
