3056 4758
117 237 251 290 ret-tm
644 231 752 286 clusa
778 231 850 286 xw.

201 412 372 485 lnlremuit
396 417 537 486 tumidus
559 417 713 504 Griphus.
765 417 839 484 Non
866 437 949 484 vana
974 419 1091 486 reterri

200 517 420 603 Fidorumque
446 524 562 601 stupor
586 515 722 604 vigilum
748 516 918 603 pallorque
941 517 1129 608 probabant.

201 618 406 683 (luctamen
433 616 517 680 haec
543 623 692 702 praestet
719 614 851 680 functus
878 615 969 682 sibi?
994 615 1055 680 sed
1082 626 1189 684 tamen
1218 623 1326 704 ipsum

200 715 272 781 lloc
297 733 426 800 quoque
455 712 621 800 pollicitus
647 718 803 797 promissi
828 721 975 797 tempora
1001 723 1122 780 servat.

200 812 394 878 Vincimuri'
421 813 598 877 aethereas
623 810 720 876 rediit
745 819 822 895 post
849 811 948 876 funus
974 817 1006 876 in
1032 814 1158 878 aurasi'

200 912 330 976 Cer-tius
358 918 412 974 est
437 908 514 974 0rei
541 913 660 996 genios
684 907 852 976 colludere
876 907 1038 994 falsisque

198 1008 387 1074 Exanimem
412 1007 526 1072 furtim
551 1006 711 1072 subducto
738 1025 876 1090 corpore
906 1011 1045 1072 amicum

198 1105 364 1192 Prodigiis
391 1105 556 1172 decorare.
607 1103 673 1168 Sed
699 1104 785 1169 haec
810 1109 840 1169 si
867 1109 1071 1190 spargimus,
1098 1125 1220 1191 anceps

200 1202 284 1270 Alea
303 1201 459 1287 jactatur.
511 1201 700 1288 Sapientum
726 1209 763 1266 ut
788 1208 923 1286 pectora
948 1209 1036 1268 reris

199 1301 384 1384 Accedant,
410 1300 531 1386 stupidi
558 1309 663 1366 tamen
690 1298 897 1366 intractabile
923 1299 1015 1386 vulgi

198 1399 368 1486 Ingenium
397 1398 481 1464 haec
507 1419 665 1485 nunquam
694 1403 819 1483 capiet3
845 1403 997 1483 rapuisse
1023 1397 1169 1463 terantur

199 1495 362 1582 Discipuli
389 1497 538 1564 excubiis
565 1517 680 1562 somno
706 1497 769 1562 sub
796 1503 893 1561 nocte
920 1494 1064 1580 sepultis

197 1594 367 1683 Exanguis
393 1593 522 1660 Domini
555 1617 693 1680 corpus,
720 1593 865 1659 violasse
893 1593 1104 1678 sepulchrum

197 1691 373 1780 Sacrilego
398 1697 531 1777 pietate.
583 1691 629 1758 At
654 1697 728 1778 quis
755 1691 851 1757 dolus
878 1713 936 1757 ora
961 1691 1090 1756 Latinis

197 1789 357 1856 Obstruct
383 1791 558 1858 excubiis?
587 1812 668 1857 auro
693 1789 909 1877 expugnanda
934 1789 1084 1855 cohortis

196 1887 391 1954 Romulidae
417 1888 577 1976 donisque
600 1889 695 1955 tides.
745 1887 807 1953 llis
833 1887 951 1952 deinde
974 1893 1107 1956 statutis

199 1986 344 2052 lmmane
369 1985 527 2053 Ausoniis
553 1992 682 2075 argenti
710 1985 838 2074 pondus
864 1994 899 2050 et
924 1993 1018 2065 auri,

200 2083 312 2163 (auor
340 2085 461 2169 templo
488 2083 649 2171 populus,
677 2106 738 2148 non
762 2083 840 2149 illos
866 2105 984 2148 munus
1009 2089 1042 2148 iu
1069 2105 1150 2150 usuc

199 2181 394 2257 Obtulerat)
418 2183 529 2250 furtim
555 2179 751 2264 obtrudunt,
777 2201 920 2267 seseque
947 2178 1105 2265 p'atrouos

198 2278 313 2344 Affore
338 2285 553 2367 mentitoque
566 2279 663 2346 fidem
689 2285 882 2365 veniamque
902 2286 1023 2362 sopori

199 2376 436 2444 Conciliaturos
461 2375 589 2463 placato
609 2376 724 2462 judice
750 2377 925 2462 spondent.

198 2474 334 2542 Talibus
359 2476 528 2542 illecebris
553 2484 587 2541 et
611 2475 697 2542 dulci
725 2481 868 2542 uincitur
892 2475 990 2540 harno

196 2571 385 2638 Aeneadum
412 2593 580 2660 generosa
606 2576 744 2656 cohors,
769 2581 806 2640 et
831 2573 948 2640 fraude
974 2571 1116 2638 Sacrum

195 2669 223 2734 E
248 2667 373 2734 tumulo
401 2675 528 2752 raptum
553 2677 685 2758 spargit
710 2691 778 2755 perv
795 2677 936 2756 compita
962 2671 1183 2740 Guklsuum.

196 2767 351 2831 Protinus
377 2764 557 2832 Ausoniam
582 2787 754 2850 procerum
780 2787 897 2832 manus
922 2772 1023 2851 impia
1048 2773 1080 2831 in
1106 2768 1213 2835 aulam

197 2863 371 2929 Accelerat
395 2869 548 2950 ruptique
573 2862 685 2928 scelus
712 2863 815 2931 ferale
841 2862 1010 2947 sepulchri

196 2962 385 3052 Aggravat,
414 2969 448 3028 et
473 2960 595 3049 vigiles
620 2961 688 3043 (sic
713 2965 822 3046 poscit
846 2961 978 3042 fabula)
998 2959 1110 3044 jurant

195 3060 305 3125 Nocte
330 3065 546 3145 intempesta,
574 3060 702 3147 quando
727 3059 904 3130 violentior
928 3067 1026 3146 urget

195 3156 326 3222 Letheo
352 3177 488 3224 somnus
514 3162 680 3243 torpentia
702 3157 825 3226 lumina
850 3179 969 3239 cornu,

195 3252 319 3323 Audaci
347 3262 482 3321 comites
509 3255 596 3320 furto
623 3261 779 3322 evexisse
805 3255 954 3322 cadaver.

195 3353 336 3418 Pontius
361 3357 523 3441 ignaram,
539 3355 669 3437 probris
695 3353 843 3419 lacerare
869 3353 1057 3433 cohortem,

193 3450 358 3516 lntentare
383 3457 490 3516 minas
515 3458 549 3516 et
574 3456 670 3518 inerti
697 3451 807 3517 debita
832 3471 946 3516 somno

195 3547 375 3633 Supplicia,
426 3548 548 3614 lratum
572 3558 685 3634 patres
711 3547 880 3616 colludere
907 3548 995 3613 docti

194 3644 346 3710 Mulcere
375 3653 409 3710 et
434 3644 572 3731 placidis
598 3646 807 3713 furibuudum
832 3645 971 3712 flectere
996 3643 1118 3712 verbis.

194 3741 332 3826 Abanti,
360 3751 394 3809 et
417 3743 556 3832 vigilum
581 3749 634 3810 cui
660 3745 787 3810 credita
811 3765 906 3828 cura,
933 3751 1044 3810 vocari

193 3839 377 3928 Longinum
396 3840 492 3926 jubet
516 3842 750 3929 accedenthue
777 3841 890 3928 objicit
915 3861 1043 3908 emnem

192 3935 312 4004 Militis
335 3941 447 4024 ignavi
471 3961 630 4008 somnum·
681 3941 774 4007 Tune
799 3941 856 4008 ille
880 3940 1050 4026 sepulchri

194 4034 304 4124 Argus
330 4043 367 4100 et
391 4037 516 4102 occlusi
541 4047 655 4106 custus
679 4038 881 4106 fortissimus
906 4037 1017 4104 antri?

194 4133 255 4198 Dic
277 4153 359 4222 age,
387 4141 465 4219 quot
486 4135 633 4204 madidus
658 4137 797 4217 alethis,
824 4157 890 4223 qun
916 4137 1060 4202 carmine
1085 4137 1211 4216 victus,
