3056 4758
115 241 248 294 Μ
650 235 760 292 LIBER
776 235 834 292 XV.

200 423 374 488 innectunt
395 421 469 487 solo
495 419 688 488 solvendum
713 422 831 488 funere
854 424 994 489 vinciam
1019 471 1022 476 ,

200 520 243 585 iit
268 518 398 584 thalami
425 524 512 585 sacri
539 519 649 585 felicia
672 520 808 586 foedera
831 528 980 610 signant,

201 619 308 683 (lueis
334 616 508 681 immortali
535 617 689 702 copulata
710 617 863 684 Ecclesia
886 639 1028 704 sponso,
1156 637 1158 642 ·

199 716 334 780 Divitiis
364 714 447 778 coeli
474 722 616 780 aetcnris
643 715 772 798 dotata,
799 717 937 781 fructur.

200 812 310 898 Atque
335 811 409 876 ideo
436 812 601 881 CHRISTI
625 819 753 878 meritis
779 819 813 877 et
841 834 976 880 munere
1003 834 1148 897 sponsus

200 899 394 995 Sponsaque
421 910 532 974 divino
556 910 676 974 auxilio
703 903 909 976 cumulantur
934 917 969 973 et
994 909 1079 974 almo

199 1007 286 1072 Rore
311 1006 481 1070 illabentis
503 1005 669 1072 firmantur
695 1013 842 1094 gratiae,
872 1016 908 1072 nt
936 1027 1051 1071 omnes

201 1104 352 1191 Cypridis
380 1105 567 1168 obscoenae
592 1105 744 1169 stimulos
771 1113 807 1170 et
832 1104 943 1169 taedia
968 1103 1058 1193 longi

199 1201 390 1286 Exupereut
415 1200 512 1266 vincli
538 1201 719 1287 dilectaque
744 1208 884 1288 pignora
908 1200 1003 1266 caelo

200 1299 406 1382 Producant,
433 1307 570 1363 tenerae
593 1299 702 1364 soboli
729 1305 864 1383 pietatis
891 1317 1034 1362 amorem

200 1394 379 1476 instillent,
407 1396 507 1460 durae
533 1402 665 1461 virtutis
691 1401 722 1459 in
750 1397 852 1462 ardna
878 1400 1001 1461 sensim

201 1492 369 1576 Exemplis
396 1498 594 1578 monitisque
618 1495 763 1574 trahant,
789 1495 970 1577 fraencque
995 1497 1124 1557 timoris

201 1590 309 1654 Divisi
334 1588 473 1673 injecto,
501 1611 621 1674 pronus
647 1597 679 1654 in
706 1591 800 1656 devia
826 1598 921 1655 natos

204 1686 344 1753 Avitiis
371 1691 552 1772 retrahant,
579 1687 652 1754 dum
678 1689 765 1754 flecti
792 1709 890 1755 cerea
916 1687 1025 1753 corda

299 1880 421 1946 Ultima
446 1882 486 1946 de
512 1890 638 1969 septem
664 1892 801 1966 superat
826 1881 1038 1948 memoranda
1064 1882 1239 1965 calumnis,

202 1979 308 2043 (lueis
337 1979 502 2048 ΟΗιιιεΤι
527 1987 596 2044 stat
620 1979 703 2044 fulta
728 1980 861 2062 domus,
888 1985 939 2045 cui
964 1988 1096 2043 caetera
1123 1983 1223 2044 robur

203 2074 413 2141 Sacramenta
435 2097 531 2141 snum
558 2077 730 2162 divinaque
757 2097 892 2142 munera
917 2077 1052 2158 debent,

204 2171 294 2237 Orda
320 2193 428 2239 sacer.
479 2173 658 2238 Orestilla
684 2183 794 2259 patres
820 2183 1012 2260 patrumque
1038 2192 1224 2259 supremum

204 2270 393 2336 Praesnlem
419 2280 452 2336 et
477 2277 607 2336 arcanis
630 2273 741 2336 verbis
767 2271 908 2358 oleoque
934 2271 1047 2337 refuso

201 2366 237 2432 ln
264 2376 377 2452 caput,
404 2373 434 2432 iu
464 2369 590 2456 digitos
615 2391 742 2437 sacrum
767 2372 939 2434 subeuntis
966 2370 1142 2450 honorem,

202 2463 426 2551 Impositaque
454 2489 546 2533 mann
574 2473 716 2554 supremi
742 2473 915 2550 antistitis,
939 2466 1008 2530 alto

204 2560 412 2648 aeternaque
438 2565 644 2630 sacerdotum
670 2565 725 2628 dat
750 2584 884 2629 munere
910 2565 1015 2652 iungi.

203 2658 362 2746 lgnivami
388 2661 489 2726 veluti
518 2663 676 2746 quondam
703 2661 764 2724 sub
790 2665 916 2726 vertice
944 2665 1061 2725 montis

203 2757 343 2821 Bisseno
371 2757 531 2825 lsacidnm
557 2758 664 2823 lectos
689 2780 731 2822 ex
756 2763 887 2844 agmine
912 2759 1047 2823 fratrum

204 2853 336 2918 Levitas
362 2876 458 2921 arcae
485 2855 605 2940 templo
630 2860 800 2940 sacrisque
826 2855 957 2919 dicavit.

207 2951 249 3014 At
275 2951 406 3017 fratrem
434 2954 572 3039 reliquis
598 2952 779 3037 praelatura
807 2951 956 3033 Aarnnu,
986 2967 1179 3034 supremam·

203 3048 395 3114 Pontificem
420 3057 510 3139 genti
536 3059 570 3115 et
593 3060 719 3136 patrum
746 3050 835 3115 dedit
860 3056 1144 3135 esse‘parentem.

204 3147 261 3212 Sic
285 3144 385 3232 adeo,
412 3153 557 3213 extincta
581 3158 730 3213 veterum
752 3146 818 3232 jam
837 3147 920 3235 lege
948 3145 1139 3229 Sacrorum,

205 3243 440 3330 Omnipotens,
468 3245 589 3311 nitidos
615 3244 699 3310 coeli
725 3248 891 3311 rediturus
914 3250 946 3307 in
974 3241 1089 3323 orbes,

206 3341 315 3407 Aurea
335 3344 428 3428 jura,
454 3365 560 3408 anuos
587 3349 671 3408 ritus
695 3342 922 3427 abolendaque
951 3359 1112 3424 uunquam

203 3438 354 3509 Foedera
379 3442 469 3521 [dnm
494 3461 598 3504 vacuo
625 3441 782 3527 pendebit
807 3445 839 3503 in
866 3443 945 3504 adire
972 3435 1093 3520 tellus]

204 3537 372 3606 Firmabit.
424 3537 516 3604 Coeli
543 3537 654 3602 claues
681 3537 906 3616 [memorabile
933 3535 1067 3610 donum)

206 3635 422 3703 Christiadum
448 3635 564 3700 electis
590 3655 631 3699 ex
657 3640 740 3700 omui
767 3643 870 3722 gente
896 3636 1054 3698 ministris

207 3732 376 3818 Corrferet,
401 3734 581 3800 ascendent
605 3737 689 3796 sacri
714 3739 770 3818 qui
797 3733 920 3798 culmea
949 3731 1101 3811 honrrris,

207 3829 281 3895 Non
309 3833 447 3898 derivati
476 3835 530 3916 (ut
555 3830 731 3916 quondam)
757 3835 788 3895 vi
814 3834 986 3918 sanguinis
1012 3827 1078 3892 alto

207 3928 401 3995 Pontificum
427 3939 482 3996 aut
505 3931 691 3995 Levitarum
717 3927 758 3993 de
783 3935 887 4014 stirpe
912 3933 1097 4014 parantum,

207 4025 273 4092 Sed
302 4035 387 4094 vitae
417 4034 561 4109 meritis,
588 4027 753 4092 doctrinae
780 4025 875 4109 luce,
902 4027 1047 4090 vocantis

208 4124 377 4215 Auspiciis
404 4127 488 4194 coeli
515 4124 692 4212 populique
718 4125 837 4190 ardore
863 4122 1033 4188 manentis.
