<?xml version="1.0" encoding="UTF-8"?>
<!DOCTYPE html PUBLIC "-//W3C//DTD XHTML 1.0 Transitional//EN"
    "http://www.w3.org/TR/xhtml1/DTD/xhtml1-transitional.dtd">
<html xmlns="http://www.w3.org/1999/xhtml" xml:lang="en" lang="en">
 <head>
  <title>
</title>
<meta http-equiv="Content-Type" content="text/html;charset=utf-8" />
  <meta name='ocr-system' content='tesseract 3.04.00' />
  <meta name='ocr-capabilities' content='ocr_page ocr_carea ocr_par ocr_line ocrx_word'/>
</head>
<body>
  <div class='ocr_page' id='page_1' title='image "./christiadoslibr00waltgoog_0334.png"; bbox 0 0 3060 4752; ppageno 0'>
   <div class='ocr_carea' id='block_1_1' title="bbox 134 207 861 266">
    <p class='ocr_par' dir='ltr' id='par_1_1' title="bbox 134 207 861 266">
     <span class='ocr_line' id='line_1_1' title="bbox 134 207 861 266; baseline -0.001 0"><span class='ocrx_word' id='word_1_1' title='bbox 134 213 267 266; x_wconf 73' lang='lat' dir='ltr'><strong>ros-rat</strong></span> <span class='ocrx_word' id='word_1_2' title='bbox 661 207 770 264; x_wconf 75' lang='lat' dir='ltr'><strong>niens</strong></span> <span class='ocrx_word' id='word_1_3' title='bbox 790 211 861 266; x_wconf 71' lang='grc' dir='ltr'><strong>ΧΠ.</strong></span> 
     </span>
    </p>
   </div>
   <div class='ocr_carea' id='block_1_2' title="bbox 156 394 1132 1460">
    <p class='ocr_par' dir='ltr' id='par_1_2' title="bbox 216 394 1132 869">
     <span class='ocr_line' id='line_1_2' title="bbox 217 394 1125 485; baseline 0.003 -23"><span class='ocrx_word' id='word_1_4' title='bbox 217 395 261 462; x_wconf 81' lang='lat' dir='ltr'><strong>llt</strong></span> <span class='ocrx_word' id='word_1_5' title='bbox 285 395 409 461; x_wconf 83' lang='lat' dir='ltr'><strong>referet</strong></span> <span class='ocrx_word' id='word_1_6' title='bbox 434 394 557 480; x_wconf 73' lang='lat' dir='ltr'><strong>liquido</strong></span> <span class='ocrx_word' id='word_1_7' title='bbox 583 399 721 460; x_wconf 84' lang='lat' dir='ltr'><strong>intactas</strong></span> <span class='ocrx_word' id='word_1_8' title='bbox 747 401 796 460; x_wconf 78' lang='lat' dir='ltr'><strong>ex‘</strong></span> <span class='ocrx_word' id='word_1_9' title='bbox 813 417 958 482; x_wconf 85' lang='lat' dir='ltr'><strong>aequore</strong></span> <span class='ocrx_word' id='word_1_10' title='bbox 986 399 1125 485; x_wconf 81' lang='lat' dir='ltr'><strong>plautas.</strong></span> 
     </span>
     <span class='ocr_line' id='line_1_3' title="bbox 217 493 1114 582; baseline 0.006 -24"><span class='ocrx_word' id='word_1_11' title='bbox 217 494 311 559; x_wconf 90' lang='lat' dir='ltr'><strong>lllum</strong></span> <span class='ocrx_word' id='word_1_12' title='bbox 336 497 434 558; x_wconf 90' lang='lat' dir='ltr'><strong>etiam</strong></span> <span class='ocrx_word' id='word_1_13' title='bbox 462 493 617 558; x_wconf 87' lang='lat' dir='ltr'><strong>memhris</strong></span> <span class='ocrx_word' id='word_1_14' title='bbox 644 493 799 559; x_wconf 80' lang='lat' dir='ltr'><strong>redivivis</strong></span> <span class='ocrx_word' id='word_1_15' title='bbox 826 495 915 559; x_wconf 82' lang='lat' dir='ltr'><strong>addit</strong></span> <span class='ocrx_word' id='word_1_16' title='bbox 940 496 1114 582; x_wconf 85' lang='lat' dir='ltr'><strong>honorem,</strong></span> 
     </span>
     <span class='ocr_line' id='line_1_4' title="bbox 216 589 1076 680; baseline 0.002 -23"><span class='ocrx_word' id='word_1_17' title='bbox 216 591 260 657; x_wconf 87' lang='lat' dir='ltr'><strong>Ut</strong></span> <span class='ocrx_word' id='word_1_18' title='bbox 285 589 374 656; x_wconf 93' lang='lat' dir='ltr'><strong>nulla</strong></span> <span class='ocrx_word' id='word_1_19' title='bbox 399 600 536 656; x_wconf 89' lang='lat' dir='ltr'><strong>aeterno</strong></span> <span class='ocrx_word' id='word_1_20' title='bbox 562 590 667 656; x_wconf 90' lang='lat' dir='ltr'><strong>moles</strong></span> <span class='ocrx_word' id='word_1_21' title='bbox 693 590 863 658; x_wconf 87' lang='lat' dir='ltr'><strong>adamante</strong></span> <span class='ocrx_word' id='word_1_22' title='bbox 889 598 1076 680; x_wconf 81' lang='lat' dir='ltr'><strong>rigescens,</strong></span> 
     </span>
     <span class='ocr_line' id='line_1_5' title="bbox 216 687 1132 759; baseline 0.005 -5"><span class='ocrx_word' id='word_1_23' title='bbox 216 688 308 754; x_wconf 85' lang='lat' dir='ltr'><strong>Nulli</strong></span> <span class='ocrx_word' id='word_1_24' title='bbox 338 689 452 754; x_wconf 88' lang='lat' dir='ltr'><strong>obices</strong></span> <span class='ocrx_word' id='word_1_25' title='bbox 478 687 555 752; x_wconf 86' lang='lat' dir='ltr'><strong>ferri</strong></span> <span class='ocrx_word' id='word_1_26' title='bbox 583 697 640 752; x_wconf 88' lang='lat' dir='ltr'><strong>aut</strong></span> <span class='ocrx_word' id='word_1_27' title='bbox 664 689 772 753; x_wconf 89' lang='lat' dir='ltr'><strong>libicis</strong></span> <span class='ocrx_word' id='word_1_28' title='bbox 802 695 915 755; x_wconf 85' lang='lat' dir='ltr'><strong>excisa</strong></span> <span class='ocrx_word' id='word_1_29' title='bbox 940 693 1002 756; x_wconf 90' lang='lat' dir='ltr'><strong>suh</strong></span> <span class='ocrx_word' id='word_1_30' title='bbox 1029 700 1132 759; x_wconf 83' lang='lat' dir='ltr'><strong>antris</strong></span> 
     </span>
     <span class='ocr_line' id='line_1_6' title="bbox 216 784 1044 869; baseline 0.002 -17"><span class='ocrx_word' id='word_1_31' title='bbox 216 787 400 869; x_wconf 86' lang='lat' dir='ltr'><strong>Marmora,</strong></span> <span class='ocrx_word' id='word_1_32' title='bbox 427 806 489 849; x_wconf 90' lang='lat' dir='ltr'><strong>nec</strong></span> <span class='ocrx_word' id='word_1_33' title='bbox 514 784 609 850; x_wconf 86' lang='lat' dir='ltr'><strong>solidi</strong></span> <span class='ocrx_word' id='word_1_34' title='bbox 636 785 760 852; x_wconf 89' lang='lat' dir='ltr'><strong>stellati</strong></span> <span class='ocrx_word' id='word_1_35' title='bbox 786 786 919 851; x_wconf 77' lang='lat' dir='ltr'><strong>fornicis</strong></span> <span class='ocrx_word' id='word_1_36' title='bbox 945 789 1044 854; x_wconf 88' lang='lat' dir='ltr'><strong>orhes</strong></span> 
     </span>
    </p>

    <p class='ocr_par' dir='ltr' id='par_1_3' title="bbox 156 883 1131 1460">
     <span class='ocr_line' id='line_1_7' title="bbox 156 883 1117 970; baseline 0.004 -21"><span class='ocrx_word' id='word_1_37' title='bbox 156 886 163 894; x_wconf 89' lang='lat'>&#39;</span> <span class='ocrx_word' id='word_1_38' title='bbox 217 885 371 970; x_wconf 86' lang='lat' dir='ltr'><strong>Oppositi</strong></span> <span class='ocrx_word' id='word_1_39' title='bbox 396 883 573 968; x_wconf 80' lang='lat' dir='ltr'><strong>impediant</strong></span> <span class='ocrx_word' id='word_1_40' title='bbox 597 893 717 950; x_wconf 87' lang='lat' dir='ltr'><strong>motum</strong></span> <span class='ocrx_word' id='word_1_41' title='bbox 743 903 916 949; x_wconf 81' lang='lat' dir='ltr'><strong>cursumre</strong></span> <span class='ocrx_word' id='word_1_42' title='bbox 942 885 1117 953; x_wconf 83' lang='lat' dir='ltr'><strong>retardent.</strong></span> 
     </span>
     <span class='ocr_line' id='line_1_8' title="bbox 217 981 924 1066; baseline -0.001 -20"><span class='ocrx_word' id='word_1_43' title='bbox 217 982 340 1046; x_wconf 85' lang='lat' dir='ltr'><strong>Omnia·</strong></span> <span class='ocrx_word' id='word_1_44' title='bbox 359 986 540 1066; x_wconf 85' lang='lat' dir='ltr'><strong>perrumpit</strong></span> <span class='ocrx_word' id='word_1_45' title='bbox 564 985 616 1046; x_wconf 86' lang='lat' dir='ltr'><strong>vis</strong></span> <span class='ocrx_word' id='word_1_46' title='bbox 638 985 812 1065; x_wconf 88' lang='lat' dir='ltr'><strong>imperiosa</strong></span> <span class='ocrx_word' id='word_1_47' title='bbox 838 981 924 1046; x_wconf 88' lang='lat' dir='ltr'><strong>beati</strong></span> 
     </span>
     <span class='ocr_line' id='line_1_9' title="bbox 217 1079 1131 1165; baseline 0.001 -20"><span class='ocrx_word' id='word_1_48' title='bbox 217 1080 394 1165; x_wconf 78' lang='lat' dir='ltr'><strong>Corporis3</strong></span> <span class='ocrx_word' id='word_1_49' title='bbox 419 1079 567 1163; x_wconf 80' lang='lat' dir='ltr'><strong>abruptis</strong></span> <span class='ocrx_word' id='word_1_50' title='bbox 595 1098 753 1162; x_wconf 89' lang='lat' dir='ltr'><strong>praeceps</strong></span> <span class='ocrx_word' id='word_1_51' title='bbox 780 1098 838 1143; x_wconf 91' lang='lat' dir='ltr'><strong>ceu</strong></span> <span class='ocrx_word' id='word_1_52' title='bbox 866 1079 1006 1146; x_wconf 87' lang='lat' dir='ltr'><strong>nubibus</strong></span> <span class='ocrx_word' id='word_1_53' title='bbox 1033 1101 1131 1146; x_wconf 88' lang='lat' dir='ltr'><strong>auras</strong></span> 
     </span>
     <span class='ocr_line' id='line_1_10' title="bbox 216 1175 1021 1265; baseline -0.002 -23"><span class='ocrx_word' id='word_1_54' title='bbox 216 1178 316 1265; x_wconf 88' lang='lat' dir='ltr'><strong>lgneu</strong></span> <span class='ocrx_word' id='word_1_55' title='bbox 341 1183 426 1242; x_wconf 83' lang='lat' dir='ltr'><strong>rima</strong></span> <span class='ocrx_word' id='word_1_56' title='bbox 448 1195 586 1256; x_wconf 83' lang='lat' dir='ltr'><strong>secans,</strong></span> <span class='ocrx_word' id='word_1_57' title='bbox 613 1176 710 1253; x_wconf 79' lang='lat' dir='ltr'><strong>dictu¹</strong></span> <span class='ocrx_word' id='word_1_58' title='bbox 726 1175 892 1258; x_wconf 86' lang='lat' dir='ltr'><strong>mirabile,</strong></span> <span class='ocrx_word' id='word_1_59' title='bbox 920 1176 1021 1242; x_wconf 91' lang='lat' dir='ltr'><strong>solvit</strong></span> 
     </span>
     <span class='ocr_line' id='line_1_11' title="bbox 216 1272 978 1361; baseline -0.001 -22"><span class='ocrx_word' id='word_1_60' title='bbox 216 1275 353 1341; x_wconf 89' lang='lat' dir='ltr'><strong>Intactis</strong></span> <span class='ocrx_word' id='word_1_61' title='bbox 378 1272 498 1340; x_wconf 84' lang='lat' dir='ltr'><strong>loculis</strong></span> <span class='ocrx_word' id='word_1_62' title='bbox 524 1282 695 1361; x_wconf 88' lang='lat' dir='ltr'><strong>argeutum</strong></span> <span class='ocrx_word' id='word_1_63' title='bbox 719 1279 861 1339; x_wconf 88' lang='lat' dir='ltr'><strong>massica</strong></span> <span class='ocrx_word' id='word_1_64' title='bbox 887 1278 978 1340; x_wconf 87' lang='lat' dir='ltr'><strong>vasis</strong></span> 
     </span>
     <span class='ocr_line' id='line_1_12' title="bbox 216 1368 1086 1460; baseline -0.006 -19"><span class='ocrx_word' id='word_1_65' title='bbox 216 1372 259 1442; x_wconf 74' lang='lat' dir='ltr'><strong>Et</strong></span> <span class='ocrx_word' id='word_1_66' title='bbox 284 1371 425 1460; x_wconf 89' lang='lat' dir='ltr'><strong>rigidum</strong></span> <span class='ocrx_word' id='word_1_67' title='bbox 451 1368 603 1436; x_wconf 86' lang='lat' dir='ltr'><strong>ineolumi</strong></span> <span class='ocrx_word' id='word_1_68' title='bbox 630 1377 751 1458; x_wconf 87' lang='lat' dir='ltr'><strong>vagina</strong></span> <span class='ocrx_word' id='word_1_69' title='bbox 775 1376 938 1458; x_wconf 82' lang='lat' dir='ltr'><strong>intercipit</strong></span> <span class='ocrx_word' id='word_1_70' title='bbox 963 1393 1086 1437; x_wconf 87' lang='lat' dir='ltr'><strong>ensem.</strong></span> 
     </span>
    </p>
   </div>
   <div class='ocr_carea' id='block_1_3' title="bbox 214 1565 1257 4181">
    <p class='ocr_par' dir='ltr' id='par_1_4' title="bbox 214 1565 1257 4181">
     <span class='ocr_line' id='line_1_13' title="bbox 313 1565 1225 1654; baseline 0.003 -24"><span class='ocrx_word' id='word_1_71' title='bbox 313 1565 457 1632; x_wconf 83' lang='lat' dir='ltr'><strong>Talibus·</strong></span> <span class='ocrx_word' id='word_1_72' title='bbox 475 1571 683 1652; x_wconf 88' lang='lat' dir='ltr'><strong>omnipotens</strong></span> <span class='ocrx_word' id='word_1_73' title='bbox 708 1576 836 1633; x_wconf 84' lang='lat' dir='ltr'><strong>auctum</strong></span> <span class='ocrx_word' id='word_1_74' title='bbox 863 1577 939 1654; x_wconf 88' lang='lat' dir='ltr'><strong>post</strong></span> <span class='ocrx_word' id='word_1_75' title='bbox 963 1568 1080 1632; x_wconf 80' lang='lat' dir='ltr'><strong>funera</strong></span> <span class='ocrx_word' id='word_1_76' title='bbox 1105 1588 1225 1654; x_wconf 85' lang='lat' dir='ltr'><strong>eorpus</strong></span> 
     </span>
     <span class='ocr_line' id='line_1_14' title="bbox 214 1663 1026 1752; baseline 0 -23"><span class='ocrx_word' id='word_1_77' title='bbox 214 1663 357 1730; x_wconf 90' lang='lat' dir='ltr'><strong>Dotihus</strong></span> <span class='ocrx_word' id='word_1_78' title='bbox 383 1664 542 1730; x_wconf 85' lang='lat' dir='ltr'><strong>obstructi</strong></span> <span class='ocrx_word' id='word_1_79' title='bbox 568 1665 724 1730; x_wconf 85' lang='lat' dir='ltr'><strong>inviolate</strong></span> <span class='ocrx_word' id='word_1_80' title='bbox 750 1665 831 1730; x_wconf 91' lang='lat' dir='ltr'><strong>sede</strong></span> <span class='ocrx_word' id='word_1_81' title='bbox 858 1665 1026 1752; x_wconf 81' lang='lat' dir='ltr'><strong>sepulchri</strong></span> 
     </span>
     <span class='ocr_line' id='line_1_15' title="bbox 215 1761 1004 1834; baseline -0.003 -6"><span class='ocrx_word' id='word_1_82' title='bbox 215 1761 341 1828; x_wconf 82' lang='lat' dir='ltr'><strong>Extulit</strong></span> <span class='ocrx_word' id='word_1_83' title='bbox 366 1767 400 1826; x_wconf 91' lang='lat' dir='ltr'><strong>et</strong></span> <span class='ocrx_word' id='word_1_84' title='bbox 425 1767 509 1827; x_wconf 86' lang='lat' dir='ltr'><strong>vivis</strong></span> <span class='ocrx_word' id='word_1_85' title='bbox 534 1767 653 1828; x_wconf 86' lang='lat' dir='ltr'><strong>iterum</strong></span> <span class='ocrx_word' id='word_1_86' title='bbox 678 1785 715 1828; x_wconf 90' lang='lat' dir='ltr'><strong>se</strong></span> <span class='ocrx_word' id='word_1_87' title='bbox 741 1763 880 1828; x_wconf 85' lang='lat' dir='ltr'><strong>reddidit</strong></span> <span class='ocrx_word' id='word_1_88' title='bbox 904 1765 1004 1834; x_wconf 84' lang='lat' dir='ltr'><strong>auris.</strong></span> 
     </span>
     <span class='ocr_line' id='line_1_16' title="bbox 215 1858 1167 1945; baseline 0.001 -21"><span class='ocrx_word' id='word_1_89' title='bbox 215 1861 303 1924; x_wconf 90' lang='lat' dir='ltr'><strong>Dant</strong></span> <span class='ocrx_word' id='word_1_90' title='bbox 327 1858 437 1924; x_wconf 87' lang='lat' dir='ltr'><strong>stellis</strong></span> <span class='ocrx_word' id='word_1_91' title='bbox 464 1859 610 1926; x_wconf 85' lang='lat' dir='ltr'><strong>flammas</strong></span> <span class='ocrx_word' id='word_1_92' title='bbox 636 1861 742 1945; x_wconf 81' lang='lat' dir='ltr'><strong>oculi,</strong></span> <span class='ocrx_word' id='word_1_93' title='bbox 770 1860 847 1925; x_wconf 89' lang='lat' dir='ltr'><strong>daut</strong></span> <span class='ocrx_word' id='word_1_94' title='bbox 872 1862 993 1926; x_wconf 91' lang='lat' dir='ltr'><strong>lumina</strong></span> <span class='ocrx_word' id='word_1_95' title='bbox 1018 1858 1167 1925; x_wconf 86' lang='lat' dir='ltr'><strong>Phoebo.</strong></span> 
     </span>
     <span class='ocr_line' id='line_1_17' title="bbox 214 1956 1147 2044; baseline -0.002 -22"><span class='ocrx_word' id='word_1_96' title='bbox 214 1957 319 2022; x_wconf 78' lang='lat' dir='ltr'><strong>Frons</strong></span> <span class='ocrx_word' id='word_1_97' title='bbox 346 1956 471 2023; x_wconf 86' lang='lat' dir='ltr'><strong>nimbos</strong></span> <span class='ocrx_word' id='word_1_98' title='bbox 496 1957 644 2023; x_wconf 87' lang='lat' dir='ltr'><strong>formosa</strong></span> <span class='ocrx_word' id='word_1_99' title='bbox 670 1959 765 2044; x_wconf 83' lang='lat' dir='ltr'><strong>fugat</strong></span> <span class='ocrx_word' id='word_1_100' title='bbox 790 1957 982 2043; x_wconf 89' lang='lat' dir='ltr'><strong>coelumque</strong></span> <span class='ocrx_word' id='word_1_101' title='bbox 1008 1957 1147 2023; x_wconf 89' lang='lat' dir='ltr'><strong>reducit.</strong></span> 
     </span>
     <span class='ocr_line' id='line_1_18' title="bbox 218 2054 1159 2139; baseline 0 -21"><span class='ocrx_word' id='word_1_102' title='bbox 218 2054 398 2119; x_wconf 76' lang='lat' dir='ltr'><strong>candorem</strong></span> <span class='ocrx_word' id='word_1_103' title='bbox 421 2074 441 2119; x_wconf 90' lang='lat' dir='ltr'><strong>a</strong></span> <span class='ocrx_word' id='word_1_104' title='bbox 465 2054 555 2119; x_wconf 92' lang='lat' dir='ltr'><strong>vultu</strong></span> <span class='ocrx_word' id='word_1_105' title='bbox 581 2057 766 2120; x_wconf 89' lang='lat' dir='ltr'><strong>mendicant</strong></span> <span class='ocrx_word' id='word_1_106' title='bbox 790 2055 941 2139; x_wconf 86' lang='lat' dir='ltr'><strong>lllia‚et</strong></span> <span class='ocrx_word' id='word_1_107' title='bbox 966 2055 1080 2120; x_wconf 90' lang='lat' dir='ltr'><strong>umhra</strong></span> <span class='ocrx_word' id='word_1_108' title='bbox 1105 2063 1159 2120; x_wconf 90' lang='lat' dir='ltr'><strong>est</strong></span> 
     </span>
     <span class='ocr_line' id='line_1_19' title="bbox 215 2152 1053 2238; baseline 0 -22"><span class='ocrx_word' id='word_1_109' title='bbox 215 2152 397 2238; x_wconf 87' lang='lat' dir='ltr'><strong>Purpureis</strong></span> <span class='ocrx_word' id='word_1_110' title='bbox 422 2173 500 2216; x_wconf 87' lang='lat' dir='ltr'><strong>rosa</strong></span> <span class='ocrx_word' id='word_1_111' title='bbox 523 2153 652 2238; x_wconf 87' lang='lat' dir='ltr'><strong>quando</strong></span> <span class='ocrx_word' id='word_1_112' title='bbox 678 2154 917 2220; x_wconf 86' lang='lat' dir='ltr'><strong>formosissima</strong></span> <span class='ocrx_word' id='word_1_113' title='bbox 942 2153 1053 2217; x_wconf 87' lang='lat' dir='ltr'><strong>labris.</strong></span> 
     </span>
     <span class='ocr_line' id='line_1_20' title="bbox 215 2248 1079 2320; baseline -0.001 -7"><span class='ocrx_word' id='word_1_114' title='bbox 215 2248 272 2314; x_wconf 89' lang='lat' dir='ltr'><strong>Nil</strong></span> <span class='ocrx_word' id='word_1_115' title='bbox 297 2250 399 2315; x_wconf 91' lang='lat' dir='ltr'><strong>habet</strong></span> <span class='ocrx_word' id='word_1_116' title='bbox 423 2249 462 2320; x_wconf 93' lang='lat' dir='ltr'><strong>ad</strong></span> <span class='ocrx_word' id='word_1_117' title='bbox 490 2255 575 2313; x_wconf 89' lang='lat' dir='ltr'><strong>tanti</strong></span> <span class='ocrx_word' id='word_1_118' title='bbox 602 2249 702 2314; x_wconf 90' lang='lat' dir='ltr'><strong>tellus</strong></span> <span class='ocrx_word' id='word_1_119' title='bbox 730 2249 923 2315; x_wconf 87' lang='lat' dir='ltr'><strong>celebranda</strong></span> <span class='ocrx_word' id='word_1_120' title='bbox 948 2250 1079 2314; x_wconf 82' lang='lat' dir='ltr'><strong>decoris</strong></span> 
     </span>
     <span class='ocr_line' id='line_1_21' title="bbox 215 2345 1257 2435; baseline -0.004 -23"><span class='ocrx_word' id='word_1_121' title='bbox 215 2346 374 2430; x_wconf 88' lang='lat' dir='ltr'><strong>Munera,</strong></span> <span class='ocrx_word' id='word_1_122' title='bbox 399 2346 444 2411; x_wconf 92' lang='lat' dir='ltr'><strong>nil</strong></span> <span class='ocrx_word' id='word_1_123' title='bbox 468 2345 607 2412; x_wconf 87' lang='lat' dir='ltr'><strong>coelum.</strong></span> <span class='ocrx_word' id='word_1_124' title='bbox 659 2346 835 2414; x_wconf 86' lang='lat' dir='ltr'><strong>Aurieomo</strong></span> <span class='ocrx_word' id='word_1_125' title='bbox 861 2367 945 2435; x_wconf 85' lang='lat' dir='ltr'><strong>quae</strong></span> <span class='ocrx_word' id='word_1_126' title='bbox 971 2353 1093 2412; x_wconf 73' lang='lat' dir='ltr'><strong>semiue</strong></span> <span class='ocrx_word' id='word_1_127' title='bbox 1119 2351 1257 2430; x_wconf 83' lang='lat' dir='ltr'><strong>spirant.</strong></span> 
     </span>
     <span class='ocr_line' id='line_1_22' title="bbox 215 2443 1115 2532; baseline 0.002 -23"><span class='ocrx_word' id='word_1_128' title='bbox 215 2443 394 2510; x_wconf 72' lang='lat' dir='ltr'><strong>Balsama?</strong></span> <span class='ocrx_word' id='word_1_129' title='bbox 418 2449 492 2529; x_wconf 89' lang='lat' dir='ltr'><strong>quis</strong></span> <span class='ocrx_word' id='word_1_130' title='bbox 516 2463 615 2509; x_wconf 83' lang='lat' dir='ltr'><strong>roseo</strong></span> <span class='ocrx_word' id='word_1_131' title='bbox 641 2446 788 2510; x_wconf 86' lang='lat' dir='ltr'><strong>vibratur</strong></span> <span class='ocrx_word' id='word_1_132' title='bbox 812 2467 950 2530; x_wconf 87' lang='lat' dir='ltr'><strong>corpore</strong></span> <span class='ocrx_word' id='word_1_133' title='bbox 975 2444 1115 2532; x_wconf 74' lang='lat' dir='ltr'><strong>fulgore</strong></span> 
     </span>
     <span class='ocr_line' id='line_1_23' title="bbox 214 2541 1114 2630; baseline 0 -23"><span class='ocrx_word' id='word_1_134' title='bbox 214 2541 408 2607; x_wconf 88' lang='lat' dir='ltr'><strong>Immensum</strong></span> <span class='ocrx_word' id='word_1_135' title='bbox 431 2550 564 2606; x_wconf 87' lang='lat' dir='ltr'><strong>aeturus</strong></span> <span class='ocrx_word' id='word_1_136' title='bbox 588 2543 673 2608; x_wconf 86' lang='lat' dir='ltr'><strong>coeli</strong></span> <span class='ocrx_word' id='word_1_137' title='bbox 695 2543 811 2628; x_wconf 85' lang='lat' dir='ltr'><strong>jubar,</strong></span> <span class='ocrx_word' id='word_1_138' title='bbox 839 2547 1011 2630; x_wconf 89' lang='lat' dir='ltr'><strong>omniaque</strong></span> <span class='ocrx_word' id='word_1_139' title='bbox 1038 2542 1114 2607; x_wconf 93' lang='lat' dir='ltr'><strong>olim</strong></span> 
     </span>
     <span class='ocr_line' id='line_1_24' title="bbox 216 2636 1066 2724; baseline 0.001 -21"><span class='ocrx_word' id='word_1_140' title='bbox 216 2639 363 2724; x_wconf 80' lang='lat' dir='ltr'><strong>Corpora</strong></span> <span class='ocrx_word' id='word_1_141' title='bbox 389 2636 581 2704; x_wconf 88' lang='lat' dir='ltr'><strong>coelicolum</strong></span> <span class='ocrx_word' id='word_1_142' title='bbox 610 2640 784 2704; x_wconf 84' lang='lat' dir='ltr'><strong>immortali</strong></span> <span class='ocrx_word' id='word_1_143' title='bbox 809 2641 939 2708; x_wconf 88' lang='lat' dir='ltr'><strong>luminis</strong></span> <span class='ocrx_word' id='word_1_144' title='bbox 965 2661 1066 2721; x_wconf 89' lang='lat' dir='ltr'><strong>auro,</strong></span> 
     </span>
     <span class='ocr_line' id='line_1_25' title="bbox 215 2734 1025 2802; baseline 0 -2"><span class='ocrx_word' id='word_1_145' title='bbox 215 2735 437 2800; x_wconf 82' lang='lat' dir='ltr'><strong>Flammivorui</strong></span> <span class='ocrx_word' id='word_1_146' title='bbox 464 2734 547 2800; x_wconf 90' lang='lat' dir='ltr'><strong>solis</strong></span> <span class='ocrx_word' id='word_1_147' title='bbox 572 2736 683 2801; x_wconf 84' lang='lat' dir='ltr'><strong>rudius</strong></span> <span class='ocrx_word' id='word_1_148' title='bbox 709 2743 743 2799; x_wconf 87' lang='lat' dir='ltr'><strong>et</strong></span> <span class='ocrx_word' id='word_1_149' title='bbox 767 2739 876 2802; x_wconf 85' lang='lat' dir='ltr'><strong>sidera</strong></span> <span class='ocrx_word' id='word_1_150' title='bbox 902 2745 1025 2800; x_wconf 88' lang='lat' dir='ltr'><strong>tantum</strong></span> 
     </span>
     <span class='ocr_line' id='line_1_26' title="bbox 215 2832 1123 2918; baseline -0.001 -21"><span class='ocrx_word' id='word_1_151' title='bbox 215 2832 427 2918; x_wconf 82' lang='lat' dir='ltr'><strong>Exuperans,</strong></span> <span class='ocrx_word' id='word_1_152' title='bbox 453 2839 604 2916; x_wconf 87' lang='lat' dir='ltr'><strong>quantum</strong></span> <span class='ocrx_word' id='word_1_153' title='bbox 631 2839 814 2897; x_wconf 84' lang='lat' dir='ltr'><strong>taciturnae</strong></span> <span class='ocrx_word' id='word_1_154' title='bbox 842 2841 999 2918; x_wconf 87' lang='lat' dir='ltr'><strong>argentea</strong></span> <span class='ocrx_word' id='word_1_155' title='bbox 1026 2833 1123 2896; x_wconf 89' lang='lat' dir='ltr'><strong>lunae</strong></span> 
     </span>
     <span class='ocr_line' id='line_1_27' title="bbox 217 2930 1114 3017; baseline -0.003 -23"><span class='ocrx_word' id='word_1_156' title='bbox 217 2931 346 2994; x_wconf 86' lang='lat' dir='ltr'><strong>Cornua</strong></span> <span class='ocrx_word' id='word_1_157' title='bbox 370 2936 405 2993; x_wconf 90' lang='lat' dir='ltr'><strong>et</strong></span> <span class='ocrx_word' id='word_1_158' title='bbox 430 2938 593 2994; x_wconf 85' lang='lat' dir='ltr'><strong>astrorum</strong></span> <span class='ocrx_word' id='word_1_159' title='bbox 620 2937 796 2996; x_wconf 83' lang='lat' dir='ltr'><strong>rroeturnos</strong></span> <span class='ocrx_word' id='word_1_160' title='bbox 823 2930 982 3015; x_wconf 85' lang='lat' dir='ltr'><strong>Cynthius</strong></span> <span class='ocrx_word' id='word_1_161' title='bbox 1010 2936 1114 3017; x_wconf 90' lang='lat' dir='ltr'><strong>ignes.</strong></span> 
     </span>
     <span class='ocr_line' id='line_1_28' title="bbox 215 3025 1115 3114; baseline -0.002 -22"><span class='ocrx_word' id='word_1_162' title='bbox 215 3027 313 3092; x_wconf 85' lang='lat' dir='ltr'><strong>Nunc</strong></span> <span class='ocrx_word' id='word_1_163' title='bbox 338 3045 468 3110; x_wconf 89' lang='lat' dir='ltr'><strong>quoque</strong></span> <span class='ocrx_word' id='word_1_164' title='bbox 493 3025 624 3092; x_wconf 91' lang='lat' dir='ltr'><strong>sidereo</strong></span> <span class='ocrx_word' id='word_1_165' title='bbox 651 3025 771 3111; x_wconf 90' lang='lat' dir='ltr'><strong>pendet</strong></span> <span class='ocrx_word' id='word_1_166' title='bbox 795 3031 963 3114; x_wconf 88' lang='lat' dir='ltr'><strong>surgentis</strong></span> <span class='ocrx_word' id='word_1_167' title='bbox 990 3027 1030 3090; x_wconf 88' lang='lat' dir='ltr'><strong>eh</strong></span> <span class='ocrx_word' id='word_1_168' title='bbox 1057 3046 1115 3090; x_wconf 90' lang='lat' dir='ltr'><strong>ore</strong></span> 
     </span>
     <span class='ocr_line' id='line_1_29' title="bbox 216 3122 1207 3212; baseline 0 -23"><span class='ocrx_word' id='word_1_169' title='bbox 216 3122 416 3189; x_wconf 84' lang='lat' dir='ltr'><strong>Coelicolum</strong></span> <span class='ocrx_word' id='word_1_170' title='bbox 442 3131 607 3209; x_wconf 82' lang='lat' dir='ltr'><strong>geminata</strong></span> <span class='ocrx_word' id='word_1_171' title='bbox 631 3129 739 3206; x_wconf 86' lang='lat' dir='ltr'><strong>acies,</strong></span> <span class='ocrx_word' id='word_1_172' title='bbox 767 3125 978 3212; x_wconf 82' lang='lat' dir='ltr'><strong>gaudentque</strong></span> <span class='ocrx_word' id='word_1_173' title='bbox 1004 3130 1139 3208; x_wconf 91' lang='lat' dir='ltr'><strong>pereuni</strong></span> <span class='ocrx_word' id='word_1_174' title='bbox 1203 3183 1207 3189; x_wconf 91' lang='lat'>.</span> 
     </span>
     <span class='ocr_line' id='line_1_30' title="bbox 215 3219 942 3304; baseline 0 -20"><span class='ocrx_word' id='word_1_175' title='bbox 215 3220 379 3285; x_wconf 88' lang='lat' dir='ltr'><strong>Laetitiae</strong></span> <span class='ocrx_word' id='word_1_176' title='bbox 404 3222 566 3288; x_wconf 84' lang='lat' dir='ltr'><strong>curnuluru</strong></span> <span class='ocrx_word' id='word_1_177' title='bbox 592 3222 632 3287; x_wconf 89' lang='lat' dir='ltr'><strong>de</strong></span> <span class='ocrx_word' id='word_1_178' title='bbox 658 3219 829 3304; x_wconf 85' lang='lat' dir='ltr'><strong>majestate</strong></span> <span class='ocrx_word' id='word_1_179' title='bbox 855 3221 942 3284; x_wconf 89' lang='lat' dir='ltr'><strong>beati</strong></span> 
     </span>
     <span class='ocr_line' id='line_1_31' title="bbox 216 3319 1237 3406; baseline -0.003 -23"><span class='ocrx_word' id='word_1_180' title='bbox 216 3319 374 3403; x_wconf 80' lang='lat' dir='ltr'><strong>Corporis</strong></span> <span class='ocrx_word' id='word_1_181' title='bbox 401 3325 589 3384; x_wconf 85' lang='lat' dir='ltr'><strong>accessisse</strong></span> <span class='ocrx_word' id='word_1_182' title='bbox 615 3339 730 3382; x_wconf 87' lang='lat' dir='ltr'><strong>novum</strong></span> <span class='ocrx_word' id='word_1_183' title='bbox 757 3322 988 3406; x_wconf 85' lang='lat' dir='ltr'><strong>geminataque</strong></span> <span class='ocrx_word' id='word_1_184' title='bbox 1015 3322 1119 3404; x_wconf 77' lang='lat' dir='ltr'><strong>gratis</strong></span> <span class='ocrx_word' id='word_1_185' title='bbox 1231 3389 1237 3400; x_wconf 87' lang='lat'><strong>.</strong></span> 
     </span>
     <span class='ocr_line' id='line_1_32' title="bbox 216 3413 1129 3502; baseline 0.001 -24"><span class='ocrx_word' id='word_1_186' title='bbox 216 3413 341 3478; x_wconf 84' lang='lat' dir='ltr'><strong>Gaudia</strong></span> <span class='ocrx_word' id='word_1_187' title='bbox 366 3415 597 3479; x_wconf 88' lang='lat' dir='ltr'><strong>concelebrant</strong></span> <span class='ocrx_word' id='word_1_188' title='bbox 621 3417 737 3481; x_wconf 86' lang='lat' dir='ltr'><strong>animis</strong></span> <span class='ocrx_word' id='word_1_189' title='bbox 763 3415 949 3502; x_wconf 86' lang='lat' dir='ltr'><strong>dignosque</strong></span> <span class='ocrx_word' id='word_1_190' title='bbox 975 3433 1129 3500; x_wconf 90' lang='lat' dir='ltr'><strong>supremo</strong></span> 
     </span>
     <span class='ocr_line' id='line_1_33' title="bbox 215 3505 1123 3600; baseline 0.003 -25"><span class='ocrx_word' id='word_1_191' title='bbox 215 3511 410 3576; x_wconf 78' lang='lat' dir='ltr'><strong>Collaudant</strong></span> <span class='ocrx_word' id='word_1_192' title='bbox 437 3508 592 3577; x_wconf 78' lang='lat' dir='ltr'><strong>humeros</strong></span> <span class='ocrx_word' id='word_1_193' title='bbox 619 3521 652 3577; x_wconf 90' lang='lat' dir='ltr'><strong>et</strong></span> <span class='ocrx_word' id='word_1_194' title='bbox 675 3511 809 3598; x_wconf 88' lang='lat' dir='ltr'><strong>dignum</strong></span> <span class='ocrx_word' id='word_1_195' title='bbox 836 3505 964 3600; x_wconf 82' lang='lat' dir='ltr'><strong>numine</strong></span> <span class='ocrx_word' id='word_1_196' title='bbox 988 3509 1123 3578; x_wconf 85' lang='lat' dir='ltr'><strong>vultum.</strong></span> 
     </span>
     <span class='ocr_line' id='line_1_34' title="bbox 216 3608 1043 3696; baseline -0.002 -23"><span class='ocrx_word' id='word_1_197' title='bbox 216 3608 272 3673; x_wconf 87' lang='lat' dir='ltr'><strong>Sic</strong></span> <span class='ocrx_word' id='word_1_198' title='bbox 297 3609 426 3694; x_wconf 83' lang='lat' dir='ltr'><strong>quando</strong></span> <span class='ocrx_word' id='word_1_199' title='bbox 451 3629 511 3677; x_wconf 85' lang='lat' dir='ltr'><strong>rex</strong></span> <span class='ocrx_word' id='word_1_200' title='bbox 539 3616 752 3696; x_wconf 87' lang='lat' dir='ltr'><strong>pennigerum</strong></span> <span class='ocrx_word' id='word_1_201' title='bbox 778 3609 927 3674; x_wconf 88' lang='lat' dir='ltr'><strong>Titanius</strong></span> <span class='ocrx_word' id='word_1_202' title='bbox 953 3608 1043 3691; x_wconf 78' lang='lat' dir='ltr'><strong>ales,</strong></span> 
     </span>
     <span class='ocr_line' id='line_1_35' title="bbox 217 3705 960 3792; baseline 0.001 -23"><span class='ocrx_word' id='word_1_203' title='bbox 217 3705 345 3772; x_wconf 88' lang='lat' dir='ltr'><strong>Haeres</strong></span> <span class='ocrx_word' id='word_1_204' title='bbox 370 3712 443 3792; x_wconf 91' lang='lat' dir='ltr'><strong>ipse</strong></span> <span class='ocrx_word' id='word_1_205' title='bbox 466 3712 536 3790; x_wconf 86' lang='lat' dir='ltr'><strong>sui,</strong></span> <span class='ocrx_word' id='word_1_206' title='bbox 566 3711 705 3791; x_wconf 87' lang='lat' dir='ltr'><strong>pretiosi</strong></span> <span class='ocrx_word' id='word_1_207' title='bbox 729 3705 856 3770; x_wconf 89' lang='lat' dir='ltr'><strong>funeris</strong></span> <span class='ocrx_word' id='word_1_208' title='bbox 883 3711 960 3792; x_wconf 86' lang='lat' dir='ltr'><strong>igne</strong></span> 
     </span>
     <span class='ocr_line' id='line_1_36' title="bbox 217 3801 1041 3891; baseline 0.004 -26"><span class='ocrx_word' id='word_1_209' title='bbox 217 3803 394 3891; x_wconf 83' lang='lat' dir='ltr'><strong>Egreditur</strong></span> <span class='ocrx_word' id='word_1_210' title='bbox 420 3804 569 3870; x_wconf 83' lang='lat' dir='ltr'><strong>Phoenix</strong></span> <span class='ocrx_word' id='word_1_211' title='bbox 595 3811 629 3868; x_wconf 87' lang='lat' dir='ltr'><strong>et</strong></span> <span class='ocrx_word' id='word_1_212' title='bbox 653 3809 749 3866; x_wconf 90' lang='lat' dir='ltr'><strong>amici</strong></span> <span class='ocrx_word' id='word_1_213' title='bbox 774 3801 857 3869; x_wconf 78' lang='lat' dir='ltr'><strong>sollu</strong></span> <span class='ocrx_word' id='word_1_214' title='bbox 885 3802 925 3866; x_wconf 90' lang='lat' dir='ltr'><strong>ad</strong></span> <span class='ocrx_word' id='word_1_215' title='bbox 950 3823 1041 3868; x_wconf 88' lang='lat' dir='ltr'><strong>aram</strong></span> 
     </span>
     <span class='ocr_line' id='line_1_37' title="bbox 217 3899 1077 3983; baseline -0.002 -19"><span class='ocrx_word' id='word_1_216' title='bbox 217 3899 351 3983; x_wconf 84' lang='lat' dir='ltr'><strong>Evolat,</strong></span> <span class='ocrx_word' id='word_1_217' title='bbox 378 3907 554 3967; x_wconf 84' lang='lat' dir='ltr'><strong>innumeris</strong></span> <span class='ocrx_word' id='word_1_218' title='bbox 581 3901 733 3968; x_wconf 83' lang='lat' dir='ltr'><strong>reducem</strong></span> <span class='ocrx_word' id='word_1_219' title='bbox 761 3899 972 3966; x_wconf 85' lang='lat' dir='ltr'><strong>circumvolat</strong></span> <span class='ocrx_word' id='word_1_220' title='bbox 997 3899 1077 3963; x_wconf 86' lang='lat' dir='ltr'><strong>alis-</strong></span> 
     </span>
     <span class='ocr_line' id='line_1_38' title="bbox 218 3994 1070 4087; baseline -0.004 -26"><span class='ocrx_word' id='word_1_221' title='bbox 218 3995 363 4061; x_wconf 84' lang='lat' dir='ltr'><strong>Alituum</strong></span> <span class='ocrx_word' id='word_1_222' title='bbox 392 4021 475 4087; x_wconf 86' lang='lat' dir='ltr'><strong>gens</strong></span> <span class='ocrx_word' id='word_1_223' title='bbox 501 4004 608 4064; x_wconf 86' lang='lat' dir='ltr'><strong>omnis</strong></span> <span class='ocrx_word' id='word_1_224' title='bbox 632 4007 668 4064; x_wconf 91' lang='lat' dir='ltr'><strong>et</strong></span> <span class='ocrx_word' id='word_1_225' title='bbox 692 4019 772 4062; x_wconf 88' lang='lat' dir='ltr'><strong>auro</strong></span> <span class='ocrx_word' id='word_1_226' title='bbox 798 3997 940 4064; x_wconf 88' lang='lat' dir='ltr'><strong>interlita</strong></span> <span class='ocrx_word' id='word_1_227' title='bbox 966 3994 1070 4073; x_wconf 81' lang='lat' dir='ltr'><strong>colla,</strong></span> 
     </span>
     <span class='ocr_line' id='line_1_39' title="bbox 219 4088 1089 4181; baseline -0.008 -22"><span class='ocrx_word' id='word_1_228' title='bbox 219 4094 394 4160; x_wconf 62' lang='lat' dir='ltr'><strong>(tristatum</strong></span> <span class='ocrx_word' id='word_1_229' title='bbox 420 4103 581 4181; x_wconf 84' lang='lat' dir='ltr'><strong>caputet</strong></span> <span class='ocrx_word' id='word_1_230' title='bbox 606 4115 723 4162; x_wconf 83' lang='lat' dir='ltr'><strong>roseae</strong></span> <span class='ocrx_word' id='word_1_231' title='bbox 748 4097 934 4164; x_wconf 85' lang='lat' dir='ltr'><strong>discrimina</strong></span> <span class='ocrx_word' id='word_1_232' title='bbox 961 4088 1089 4171; x_wconf 76' lang='lat' dir='ltr'><strong>caudae</strong></span> 
     </span>
    </p>
   </div>
   <div class='ocr_carea' id='block_1_4' title="bbox 0 0 1535 4752">
    <p class='ocr_par' dir='ltr' id='par_1_5' title="bbox 0 0 1535 4752">
     <span class='ocr_line' id='line_1_40' title="bbox 0 0 1535 4752; baseline 0 0"><span class='ocrx_word' id='word_1_233' title='bbox 0 0 1535 4752; x_wconf 95' lang='lat' dir='ltr'><strong> </strong></span> 
     </span>
    </p>
   </div>
  </div>
 </body>
</html>
