3056 4758
114 215 249 264 rao—ras
486 191 490 198 ’
652 207 761 260 Μυκη
787 207 859 260 xvt.

200 396 242 459 Et
270 399 366 480 cupio
393 403 427 458 et
451 408 586 478 nequeo.
639 393 737 458 Votis
758 393 1085 479 adversaarepugnat

200 494 354 557 Numinis
383 497 496 556 insano
523 492 578 556 lea
602 497 786 576 importuna
812 490 925 554 dolori.
1093 564 1101 581 x

200 590 265 654 Fac
293 599 399 653 tamen
427 609 569 653 excusso
595 589 715 653 vitales
742 591 855 653 sunere
875 594 914 651 -in
942 607 1050 650 auras

201 687 331 752 drrxilio
359 693 460 769 patris
487 695 543 750 aut
569 693 700 772 pnaerpria
726 692 848 750 virtute
874 693 1044 770 resurgat,

201 784 415 871 Agnoscetnc
442 806 522 848 suns
549 784 657 848 divina
682 783 756 847 luce
783 782 970 868 refulgens,

200 883 336 947 (luendo
364 886 526 946 catenatis
553 890 714 946 arctatum
740 879 872 944 funibus
899 879 989 944 illum

199 981 356 1066 Fugimus
383 979 526 1043 indecori
553 984 637 1062 rapti
664 999 723 1064 per
750 998 852 1061 opaca
877 979 1025 1041 timore?

198 1077 247 1142 An
276 1077 334 1141 tibi
361 1097 398 1140 se
424 1076 538 1142 infelix
565 1083 629 1140 vita
655 1075 814 1139 redeunte
839 1075 1011 1138 videndum

199 1175 328 1239 Offeret
355 1183 387 1238 et
412 1175 505 1239 fratri
531 1195 726 1261 germanus,
754 1179 879 1236 amicus
905 1177 1029 1254 amico,
1054 1215 1056 1222 ·

199 1273 241 1337 Et
268 1271 389 1336 famulo
416 1266 564 1336 dominun
592 1294 655 1336 non
678 1272 745 1355 jana
773 1270 919 1335 mortalis
942 1287 1115 1333 amoenum

199 1369 355 1454 Corporis
385 1369 539 1434 ostendet
564 1370 731 1435 rediturus
758 1375 788 1432 in
815 1369 954 1433 aethera
980 1365 1166 1430 honoremi'

199 1467 284 1531 eura
311 1465 421 1530 famuli
449 1467 545 1550 mibi,
573 1466 647 1552 quid
674 1466 805 1547 fratriS‚
833 1465 908 1553 quid
937 1483 1054 1529 nomen
1080 1465 1175 1525 amici

200 1563 347 1650 Arrago,
375 1585 434 1628 nec
459 1563 570 1628 famuli
599 1585 658 1627 nec
683 1570 778 1628 amici
803 1571 857 1627 aut
883 1563 995 1627 fratris
1025 1579 1186 1638 amorem,

200 1659 402 1744 Obsequium
428 1661 479 1725 vel
505 1667 681 1726 amicitiam
709 1681 883 1746 moresque
907 1661 1070 1744 iidemque

85 1805 88 1810 -
199 1758 334 1842 Captiva
361 1759 538 1823 referens?
565 1759 733 1824 sedenim
762 1764 955 1823 mitissimus
978 1756 1054 1836 ille,

199 1856 263 1920 (lui
291 1863 382 1918 tanto
409 1863 549 1922 immites
576 1859 692 1921 hostes
720 1855 910 1941 complexus
940 1859 1146 1929 amore-eat,

199 1952 349 2038 Aspiciet
375 1953 504 2018 timidos
532 1953 648 2022 melior
673 1962 749 2039 port
774 1950 872 2017 funus
899 1959 1041 2034 amicos,

200 2050 349 2133 Accipiet
374 2049 485 2114 fiarnuli
512 2057 653 2137 gemitus
682 2050 891 2135 lamentaque
918 2053 1013 2114 amici

200 2147 241 2212 Et
266 2147 425 2230 lacrymas
452 2148 574 2214 fratris.
624 2147 695 2212 Lux
722 2156 894 2232 expectata
919 2147 1045 2234 iugatis

199 2245 346 2309 Exorere
374 2245 545 2309 utendam
572 2246 717 2310 tenebris
743 2255 912 2330 metasque
938 2243 1043 2307 dolori

201 2343 290 2406 Pone
318 2361 400 2406 rues.
453 2343 591 2410 Quando
617 2353 651 2408 te
679 2341 735 2406 lux
761 2351 873 2425 optata
899 2341 1045 2406 videbo?

199 2439 335 2504 l'allor.⁰
363 2460 402 2503 an
430 2448 466 2504 ut
491 2441 628 2526 reliquis
655 2440 786 2506 obscuri
814 2441 1019 2504 adamantina
1043 2433 1149 2500 Limbi

202 2537 340 2601 Vatibus
363 2537 539 2610 aethereas
565 2537 703 2602 reditum
731 2538 911 2622 praecludit
935 2535 975 2602 ad
1001 2555 1099 2601 auras

198 2633 325 2716 danna,
353 2633 444 2697 fatali
472 2634 631 2698 inclusum
657 2646 691 2698 te
721 2635 796 2721 lege
824 2637 988 2700 coercete

200 2731 272 2795 Nec
298 2752 455 2796 revocare
482 2731 616 2818 gradum
645 2731 823 2814 clausoque
848 2737 943 2796 exire
968 2726 1148 2813 sepulchro

200 2827 347 2894 Exanimi
374 2828 425 2892 fas
452 2837 521 2908 est,
548 2833 624 2892 vivo
651 2833 702 2891 cui
728 2835 844 2890 cuncta
870 2825 1037 2899 licebant?

296 3021 391 3084 Talia
416 3021 585 3086 volvebam
613 3022 812 3106 lacrymans,
840 3019 991 3102 talesque
1012 3015 1160 3101 juvabat·

200 3117 365 3204 Spemque
388 3127 574 3204 metumque
595 3126 682 3184 inter
706 3118 897 3202 pendentem
922 3115 1091 3179 effundere
1115 3119 1254 3197 questus

199 3215 278 3278 (lum
305 3215 416 3278 subito
443 3215 546 3281 radiis
575 3221 696 3280 circum
723 3214 928 3303 fulgentibus
954 3216 1048 3275 antri

199 3309 393 3376 Horrentem
420 3312 477 3376 lux
503 3312 587 3377 alma
613 3319 711 3378 situm
737 3319 921 3394 tristesque
947 3307 1101 3372 tenebras

199 3407 351 3492 Dispulit.
404 3407 585 3474 Ambrosiis
611 3409 724 3474 avidas
751 3409 963 3473 concentibus
989 3423 1087 3470 aures

198 3505 396 3569 Flexanimis
423 3525 582 3568 resonans
608 3506 747 3569 modalis
775 3524 947 3568 numerosa
973 3523 1034 3588 per
1060 3520 1158 3564 auras

199 3601 329 3686 lmpulit
355 3604 494 3666 humano
518 3624 582 3665 vox
609 3623 670 3665 non
698 3600 867 3666 imitabilis
893 3605 943 3663 ori

199 3697 241 3762 Et
266 3705 374 3786 magis
400 3707 498 3783 atque
526 3705 632 3787 magis
658 3697 813 3762 latebrosi
842 3698 951 3763 limina
976 3696 1111 3763 claustri

201 3796 374 3875 Penneat,
403 3808 438 3860 et
464 3803 545 3861 miro
572 3795 759 3882 plangentis
788 3800 918 3860 viscera
944 3795 1040 3878 lapsu

202 3892 415 3971 Periculum,
442 3898 517 3958 sitis
545 3893 679 3959 oblitum
706 3891 881 3978 luctusque
907 3893 1069 3977 famisque

201 3988 331 4053 Siderei
359 3989 464 4054 reiicit
489 3991 612 4075 liquida
637 3988 808 4056 dulcedine
835 3999 959 4056 cantus.
