3060 4752
118 243 257 295 440-470
669 235 778 290 LIBER
801 237 849 291 xi.

207 423 375 488 Exanimis
400 427 510 486 tectus
535 427 683 509 peragit3
710 430 828 508 toque,
857 427 978 506 optima
1003 428 1114 512 virgo,
1140 469 1143 478 ,

205 520 405 591 lnoolumem
430 523 645 606 invictamque
672 520 755 584 haec
782 527 868 585 inter
892 520 1028 586 vulnera
1053 531 1174 587 servat.

206 619 267 684 Est
293 619 372 683 mihi
398 618 438 683 ad
463 617 595 682 infausti
620 622 763 705 vestigia
788 622 926 700 montis,
953 625 1101 684 amoenis

207 717 360 782 consitus
387 714 510 780 areolis
535 714 672 797 hortus,
700 735 764 800 quo
790 734 892 800 saepe
921 715 1067 782 laborum

206 815 349 894 Fessus,
375 812 549 876 odoriferis
576 832 673 878 curas
698 811 877 896 radiosque
903 814 964 879 auh
990 815 1115 879 umbris
1139 831 1157 874 .’

205 911 334 976 Fallere
360 915 526 975 consuevi.
576 910 613 975 ln
638 909 762 994 medio,
790 931 853 975 noo
879 915 1046 976 immemor
1069 912 1172 976 horae

205 1008 346 1088 Fatalis,
372 1007 479 1073 solido
507 1013 654 1072 excisum
680 1008 720 1072 de
746 1028 904 1073 marmore
929 1009 1110 1074 claustrum

204 1107 400 1191 composui,
427 1105 513 1190 quod
539 1103 701 1188 depositis
726 1114 804 1188 post
829 1103 946 1170 lunera
970 1105 1126 1172 memhris

205 1203 232 1268 E
258 1212 349 1269 terra
374 1211 469 1268 natos
494 1207 646 1291 genitrici
673 1200 825 1267 redderet
850 1209 952 1267 artos.

205 1303 271 1366 Eas
295 1302 372 1364 mihi
398 1306 460 1381 sit,
488 1299 576 1364 nullo
603 1299 764 1385 pollutum
790 1299 905 1364 lurrere
930 1320 1071 1365 marmor

206 1398 372 1486 Virgineis
398 1398 486 1461 chari
508 1399 662 1463 memhris
689 1396 810 1462 donare
835 1402 998 1484 magistri.

204 1494 367 1581 ssuicquid
392 1496 497 1558 honos
519 1493 635 1559 tumuli
659 1500 786 1580 poscit,
814 1515 899 1579 quae
926 1499 1037 1578 eopia,
1063 1506 1231 1581 promptas

204 1593 405 1678 lmpendam3
432 1591 588 1677 Assyriae
613 1596 739 1657 vivacia
765 1612 898 1656 monera
923 1591 1076 1676 myrrhae

203 1689 246 1756 Et
271 1690 358 1756 dites
385 1688 488 1754 Alalis
515 1687 687 1754 cumulabo
715 1689 873 1777 prodigus
901 1689 1034 1753 imbres.

300 1883 433 1949 Interea
458 1903 629 1969 procerum
656 1889 742 1948 votis
768 1883 871 1969 (quos
895 1883 1001 1950 lurida
1025 1881 1154 1948 Phoebi

203 1980 394 2066 Squalentis
420 1982 523 2046 iacies
549 1982 694 2068 trepidos
721 1990 895 2046 revocarat
921 1989 953 2046 in
978 1980 1110 2062 urbem)

205 2079 340 2144 Pontius
366 2079 546 2162 accedens,
573 2101 614 2144 ne
641 2085 751 2145 saeris
776 2077 917 2163 pendula
942 2085 1068 2143 truncis

205 2173 351 2260 Corpora
375 2176 545 2242 Paschalis
572 2176 745 2242 foedarent
771 2177 890 2264 gaudia
915 2181 1019 2258 sacri,

202 2272 377 2358 Jusserat,
404 2274 550 2340 effractis
576 2281 752 2360 spirantum
776 2273 947 2357 cruribus,
974 2280 1078 2338 ιιιιιιιι

202 2369 400 2458 Supplicium
427 2378 461 2436 et
485 2371 585 2437 duros
610 2372 704 2438 finiri·
720 2381 823 2438 morte
849 2371 991 2437 dolores.

200 2469 314 2534 Paruit
339 2474 478 2556 imperio
505 2469 600 2535 miles
625 2477 834 2559 gemitusque
859 2458 1023 2557 latronum

199 2565 444 2652 Luctantesque
469 2573 593 2632 animas
618 2573 762 2653 repetito
788 2568 926 2634 verbere
950 2566 1059 2631 solvit.

199 2660 349 2746 Dumque
375 2662 488 2726 eadem
515 2664 691 2732 CHRISTO
719 2665 859 2730 sublatis
884 2665 1021 2731 vulnera
1045 2663 1122 2729 telis

199 2758 380 2840 lotentant,
404 2758 596 2824 livescentis
621 2765 812 2824 tristissima
837 2762 946 2825 vultus

198 2855 358 2944 Effigies,
386 2856 525 2920 horrens
552 2860 653 2921 crinis
679 2854 875 2941 diductaque
899 2857 1009 2936 labra,

198 2952 355 3018 lndioinm
381 2960 495 3018 mortis
521 2952 642 3017 clarum
669 2953 797 3038 fecere3
824 2975 883 3018 nec
908 2973 988 3018 ossa

199 3049 364 3116 Exanimis
390 3056 455 3116 uati
478 3051 596 3116 violari
621 3071 756 3136 passus,
783 3056 910 3116 inanem

198 3146 375 3214 Saevitiam
394 3155 533 3237 ,genitor
558 3155 661 3214 tacita
686 3153 716 3212 ri
743 3158 880 3233 pectora
906 3156 1035 3214 terrens

199 3244 410 3328 compressit.
461 3246 582 3312 Verum
611 3255 646 3311 ut
671 3267 827 3332 properae
854 3252 1038 3312 certissima
1062 3248 1174 3308 mortis

199 3341 404 3430 Argumenta
428 3343 534 3428 palam
559 3342 681 3432 populo
707 3352 882 3428 spectante
908 3348 1076 3409 manerent

198 3439 436 3526 Mendacisque
462 3441 566 3506 avidis
594 3443 698 3506 lamae
722 3443 909 3507 rumoribus
932 3460 1057 3505 omnem

198 3537 365 3620 Tolleret‚
393 3543 524 3606 intactis
549 3537 719 3624 pendentis
744 3540 910 3621 cruribus,
936 3559 1065 3619 ansam,

198 3635 321 3699 Nescio
347 3641 422 3720 quis
448 3644 517 3702 toto
544 3642 714 3700 connitens
740 3638 861 3702 robore
887 3635 1033 3701 dextrum

198 3731 232 3795 ln
256 3731 344 3797 latus
371 3739 529 3800 exanimis
555 3733 690 3798 feralem
717 3734 859 3799 condidit
886 3735 1022 3799 hastam.

199 3829 389 3912 Purpureus
413 3832 482 3897 lato
505 3836 655 3916 sequitur
682 3830 722 3896 de
748 3830 883 3898 vulnere
910 3835 1047 3918 sanguis

198 3925 240 3990 Et
264 3946 328 3988 non
354 3937 505 4012 speratae
532 3930 606 3994 loos
633 3935 759 3995 vitreus
785 3929 1051 4009 coronandae,

196 4022 377 4110 Egregium
402 4033 526 4092 aeterni
550 4037 789 4094 monumentum
818 4037 853 4092 et
878 4032 1000 4114 pignos
1026 4024 1156 4088 amoris.
