3056 4758
10 275 15 322 ι
117 273 250 343 ιιι-ιιι
649 269 759 324 erana
781 270 853 325 ιιι·

205 457 380 538 Protinus,
405 468 439 520 et
465 454 574 520 laetus
600 454 781 520 redivivum
806 472 953 544 agnosco
979 467 1172 547 magistrum

205 555 247 618 Et
273 553 394 619 clarum
420 554 527 620 effusa
551 552 692 637 supplex
718 572 818 637 prece
843 575 959 620 numen
987 556 1097 623 adoro.

205 651 265 716 llle
292 661 399 714 cortem
426 660 580 716 avertens
606 671 706 716 rosea
732 658 861 716 cervice
887 652 1020 720 refulsit

205 749 410 833 Etmanes,
438 749 553 812 oculos
579 748 730 834 fugiens,
759 748 915 814 discessit
939 756 971 816 iu
999 771 1112 818 auras.

205 847 278 911 Nos
306 852 483 929 improvisu
510 846 639 912 divinae
664 842 748 910 lucis
776 846 903 912 honore

206 946 356 1032 Dignati,
382 953 497 1032 grates
523 949 668 1030 agimus,
696 949 882 1029 mensisque
905 945 1054 1030 relictis,

205 1043 368 1130 luguriam
395 1041 470 1108 laeti
498 1040 651 1126 Solymae
677 1061 861 1108 remeamus
888 1047 920 1107 in
945 1043 1070 1110 urbem.

302 1236 399 1302 Talia
424 1237 578 1302 narrabat
603 1237 784 1321 cleophas,
811 1235 965 1322 laetoque
990 1237 1174 1305 fremebant

206 1333 356 1398 Asseuau
381 1341 536 1416 comites,
562 1343 615 1398 ast
641 1333 857 1399 intractabilis
884 1355 984 1400 aures

206 1431 357 1496 Obstruit
383 1443 416 1497 et
442 1430 561 1499 nullam
589 1431 731 1496 Thomas
757 1441 807 1495 tot
832 1432 974 1498 testibus
1002 1452 1086 1498 naus

205 1528 396 1594 Commodat
420 1529 647 1613 exemplisque
673 1530 786 1610 fidem,
812 1528 998 1616 nullamque
1025 1530 1173 1596 daturum

206 1624 357 1710 deserit,
385 1632 507 1712 optanti
532 1626 633 1690 donec
659 1632 852 1714 contingere
878 1626 973 1692 detur

205 1723 353 1789 Perfossi
380 1724 509 1812 plagam
535 1723 651 1788 lateris
678 1723 847 1811 clavisque
872 1733 1025 1790 curreutes

206 1820 386 1906 Explorate
412 1843 538 1886 rnauus.
591 1822 761 1887 Dicentem
787 1821 867 1885 talia
891 1821 1087 1892 CHRISTUS

204 1916 280 1984 dam
306 1941 480 2005 praesens,
507 1919 678 2006 mediaque
705 1925 824 1984 iterum
850 1918 1045 1984 manifestus
1070 1925 1101 1984 io
1127 1919 1203 1987 aula

206 2013 364 2082 Advocat.
415 2017 476 2083 llle
501 2017 564 2082 Dei
592 2020 759 2082 invitantis
785 2036 868 2081 voce
894 2025 1028 2082 coactus

206 2111 377 2180 Pertentat
401 2115 489 2178 lalus
515 2115 672 2182 effossum
699 2115 890 2198 confixaque
915 2115 1068 2178 membra.

206 2210 281 2276 Nec
307 2211 435 2296 sejam
462 2219 548 2299 capit
574 2218 664 2297 lpse,
691 2211 749 2276 sed
775 2211 903 2277 undanti
931 2209 1044 2276 ebrius
1070 2222 1166 2278 aestu
1259 2269 1261 2274 .
1299 2263 1302 2270 .

206 2307 369 2374 Laetitiae
395 2318 429 2376 et
455 2316 536 2374 mira
558 2309 676 2375 domini
705 2315 826 2394 pietate
851 2310 1029 2376 subactus:

207 2405 237 2470 0
263 2408 383 2475 Deus!
411 2408 612 2474 o'Domine!
640 2401 829 2490 exclamatJ
848 2405 944 2472 datur
972 2427 1030 2472 ora
1055 2415 1158 2491 tueri,

207 2504 399 2588 canisae,
425 2516 482 2571 tua
509 2515 543 2571 et
568 2505 665 2571 lateri
690 2505 799 2570 divino
825 2505 1020 2592 immergere
1046 2506 1191 2573 dextram

207 2601 250 2664 Et
275 2603 470 2687 desperatas
497 2603 609 2668 audire
636 2609 669 2666 et
694 2602 831 2668 reddere
858 2602 973 2668 voces!

206 2697 297 2763 llaec
323 2700 541 2765 effundentem
569 2699 654 2764 dulci
679 2706 822 2786 castigat
848 2720 963 2764 amore

206 2796 438 2882 Omnipotens:
465 2802 568 2862 suciis
594 2802 628 2859 tu
655 2796 766 2861 durior
792 2795 942 2860 omnibus
969 2818 1072 2877 unus,

206 2895 281 2960 Non
307 2901 370 2960 nisi
397 2903 607 2979 conspectum
632 2891 739 2958 credis
766 2893 906 2958 rediisse
931 2894 1148 2981 magistrum?

206 2995 336 3060 Felices
362 3000 509 3072 nimiunn,
537 2990 687 3057 reducem
714 2997 807 3076 queis
835 3011 969 3056 cernere
994 2991 1206 3060 (lunisiana

208 3093 368 3179 Quamvis
392 3092 567 3157 abnuerint
592 3095 723 3173 superi,
750 3100 855 3154 tamen
883 3089 1012 3154 aemula
1038 3089 1112 3154 lldis

208 3190 302 3254 Alma
328 3189 410 3254 fides
438 3188 543 3253 oculis
570 3197 605 3252 et
629 3192 710 3253 tanti
738 3193 859 3251 certior
885 3185 980 3252 index

207 3287 374 3375 Prodigii‚
398 3287 556 3352 accendet
581 3292 707 3350 mentes
734 3291 927 3370 captivaque
954 3289 1074 3348 victrix

207 3386 347 3450 Pectora
370 3383 470 3448 divini
496 3383 635 3448 flaminis
660 3381 837 3446 succendet
863 3386 994 3446 amoris.

207 3483 263 3547 Sic
289 3485 378 3548 fatus
404 3502 530 3545 rursum
558 3502 598 3546 ex
624 3479 731 3546 oculis
757 3479 934 3560 abductus,
962 3483 994 3550 in
1023 3499 1122 3544 auras

206 3581 427 3667 ludeprensus
453 3580 520 3643 abit
544 3577 717 3662 laetosque
746 3585 782 3641 ct
806 3577 909 3642 multa
935 3584 1089 3662 parantes

208 3680 327 3744 Dicere
353 3678 502 3743 desernit
527 3675 704 3760 clausaque
733 3681 877 3740 recessit
901 3675 942 3739 ab
969 3674 1054 3741 aula.

302 3872 455 3958 Jamque,
480 3871 534 3936 ubi
558 3876 758 3936 transierant
780 3873 923 3956 paschae
948 3869 1110 3936 solemnia
1134 3875 1168 3930 et
1194 3873 1298 3932 omnis

206 3968 365 4035 leucidum
391 3991 474 4056 gens
501 3975 627 4036 octonis
652 3968 787 4057 epulata
814 3969 948 4052 diebus,

207 4067 348 4132 Numine
375 4067 530 4150 adorato,
555 4073 681 4154 patrias
707 4066 874 4134 celerabat
901 4074 931 4131 in
960 4063 1077 4140 urbes,

206 4163 273 4248 lpsi
299 4170 398 4232 etiam
425 4169 550 4251 ingenti
577 4165 700 4251 perfusi
727 4173 862 4249 pectora
885 4161 989 4228 dulcis
