3082 4748
16 231 20 274 i
126 223 259 276 toa-tto
673 217 794 273 tisun
807 219 851 273 iu.

210 396 358 472 Deflevit
383 399 542 492 genitrix!
567 403 670 466 tetam
695 401 896 470 miserabilis
919 404 1035 472 urbm

211 503 400 570 Periustrut
424 517 625 588 puerumque
652 506 737 564 omni
765 501 827 566 sub
852 501 964 565 limine
989 505 1129 586 quaerit.

213 603 357 686 Jamque
383 599 454 664 dies
480 597 725 684 alterque-'dies
741 599 933 687 effugerat,
961 603 1064 663 omnis
1119 649 1124 656 Δ

214 700 304 764 Pene
331 702 429 762 stiunt
454 697 620 762 exciderat
643 701 710 760 nati
733 717 813 781 spes
840 697 934 780 lapsa
959 695 1111 760 videndi:

211 797 325 861 Tertia
347 795 405 860 sed
428 802 599 880 postquam
624 794 770 858 tenebris
793 814 909 860 aurona
935 793 1075 880 iugatis*

212 895 415 976 Purpureum
440 891 605 957 extulerat
628 912 773 972 currum,
800 891 912 978 templi
938 895 1024 954 atria
1045 889 1112 954 tto

210 990 331 1054 Intuitu
360 989 522 1072 lustrans,
549 987 682 1053 sublimi
708 994 739 1053 in
765 990 846 1064 sede
870 987 1011 1053 locatum

208 1086 338 1171 Aspicit
363 1094 397 1151 et
418 1086 531 1172 tempii
559 1104 714 1169 proceres
738 1086 891 1172 legisque
917 1091 1042 1171 peritos

209 1185 382 1250 Attonitos
407 1189 501 1270 pueri
527 1182 672 1268 pendere
687 1182 848 1248 nocentis
874 1182 915 1246 ab
940 1202 1007 1261 ore,

208 1281 293 1347 Nam
318 1281 414 1348 modo
437 1281 578 1346 facunda
602 1279 689 1369 legis
712 1285 868 1366 mysteria
892 1279 1006 1368 lingua

209 1378 253 1444 Et
278 1378 517 1462 Labyrintheos
544 1399 650 1444 nexus
677 1397 861 1462 arcanoque
886 1375 951 1442 soii

209 1475 300 1540 Nota
323 1475 403 1559 sibi,
430 1477 522 1542 vetut
542 1482 679 1564 ignarus
704 1481 908 1561 cupiensque
931 1473 1045 1538 doceri

209 1573 410 1658 Exponenda
435 1572 532 1638 dabat
541 1598 554 1660 3>
576 1595 662 1640 uunc
686 1572 725 1637 ad
750 1577 904 1659 quaesita
928 1575 1022 1635 suavi

208 1670 350 1755 Eloquio
377 1669 498 1735 claram
520 1670 628 1746 iucem
652 1689 880 1757 responsaque
906 1675 999 1732 certa
1091 1717 1106 1732 μ

207 1766 429 1834 Dissinnulans
455 1773 557 1853 serit3
578 1775 711 1832 *arrecta
736 1771 820 1832 nun'c
845 1785 925 1830 aure
952 1765 1129 1850 loquentes

208 1863 327 1948 Audit,
357 1874 392 1930 et
413 1866 562 1931 arridens
587 1872 679 1930 veris
704 1863 815 1929 fucata
839 1883 961 1928 severo

85 1973 88 1978 '
208 1961 307 2026 Dicto
332 1961 513 2044 supercilio
539 1967 691 2048 castigat.
731 1959 912 2024 Laudibus
935 1978 1030 2023 omne

210 2055 391 2120 Concilium
418 2056 551 2120 extollit
575 2064 693 2141 gestus
717 2065 752 2119 et
777 2055 876 2118 verbs
899 2055 1056 2118 sedentis.

210 2152 291 2218 lllos
317 2151 422 2216 fornia
444 2159 575 2233 movet,
599 2156 651 2216 vis
675 2149 860 2234 majestatis
883 2169 1041 2213 amoenae

209 2249 283 2315 Hos
309 2255 396 2332 rapit
420 2245 542 2312 affeetu
569 2254 682 2330 vario,
708 2245 867 2332 vultuque
893 2246 954 2310 sub
981 2265 1047 2308 uno

209 2345 680 2430 Spectantesinvuatnmcr,
707 2349 892 2408 reverentia
917 2348 1038 2418 terret,

208 2443 252 2508 tit
277 2452 386 2508 terror
411 2449 516 2506 tannen
543 2447 616 2526 ipse
642 2441 760 2522 trahit,
791 2450 908 2525 stupor
933 2438 1084 2504 omnihus
1106 2457 1210 2518 unus,

210 2540 304 2605 (tuos
330 2539 459 2604 fructus
483 2539 545 2604 flos
570 2535 629 2602 iiic
653 2538 740 2604 ierat
765 2546 931 2618 maturus,
956 2535 996 2600 ab
1021 2534 1080 2600 ilia

208 2635 338 2701 Arbore
364 2636 439 2720 quid
465 2641 613 2722 sperent,
640 2641 738 2718 primi
761 2656 845 2720 quae
869 2639 1000 2700 viminis
1023 2633 1108 2699 altas

209 2733 382 2817 Exuperet
406 2742 522 2797 tenero
541 2732 680 2796 'sublata
703 2738 867 2798 mcnmine
888 2731 1027 2796 Cedros.
1153 2739 1155 2746 ⁴

209 2829 300 2916 Ergo
327 2829 414 2893 avidi
439 2833 542 2893 variis
566 2823 684 2902 iterum
711 2844 866 2892 exercere
893 2829 1051 2913 parabant
1133 2879 1136 2889 .

209 2927 299 2992 Pene
327 2926 497 3013 fatigatum
524 2925 632 3006 nodis,
657 2943 829 3009 pueroque
855 2932 1020 2990 tumentes

211 3023 452 3108 Praeceptore,
479 3022 610 3092 aliaeu
637 3022 712 3085 aliis
740 3025 888 3086 intexere
914 3027 1052 3107 quisque

212 3120 372 3185 ouacstta
396 3118 574 3201 ardebant,
599 3139 673 3182 cum
699 3117 950 3184 charae-tristia
975 3117 1096 3182 Matris

211 3217 279 3280 0ra
303 3215 417 3300 procul
441 3216 535 3281 flexis
562 3213 667 3280 oeulis
692 3213 834 3280 advertit
857 3215 983 3284 hstis.
1069 3249 1072 3260 ·
1111 3268 1114 3276 .

210 3311 291 3378 Tum
317 3329 397 3376 vero
426 3311 514 3377 dulci
538 3318 644 3377 victus
668 3313 805 3396 pietatis
831 3325 943 3376 amore

211 3408 363 3473 Occurrit
386 3415 574 3495 repetitque
600 3409 745 3492 domum,
771 3407 1108 3493 Matrique.Virnque
1197 3456 1211 3471 ..

211 3505 388 3590 subditus,
413 3507 584 3572 obscuram
610 3506 672 3570 sub
696 3512 786 3570 ‘tecto
811 3515 968 3590 paupere]
982 3509 1080 3570 vitam
1211 3517 1214 3524 ⁴

209 3600 368 3667 Produxit
392 3603 544 3686 latitans,
571 3603 675 3668 donec
696 3608 855 3676 maturior
880 3612 976 3684 aetas

208 3698 333 3787 Attigit
358 3707 484 3794 exactis
510 3701 665 3767 terdenos
687 3699 855 3766 mensibus
881 3720 993 3765 anuos
1082 3717 1085 3722 ·

305 3893 458 3960 Forsitan
484 3902 520 3960 et
544 3900 779 3982 consanguinei
803 3893 980 3981 primordia
1003 3898 1090 3959 vatis

208 3987 396 4072 (Baptistae
420 3998 474 4058 cui
498 3998 632 4071 nomen)
658 4013 740 4060 aves
764 3993 876 4062 audire
900 3991 1094 4076 modumque
1192 4043 1195 4048 .

208 4083 360 4152 Crudelis
383 4088 465 4154 lethi
490 4097 525 4155 et
549 4090 679 4178 rigidae
705 4091 825 4162 decoro
849 4089 973 4174 inclyta
996 4092 1106 4154 uitae:
1167 4134 1171 4147 .
