3056 4758
647 215 891 272 cuntsuttuos

228 395 372 462 Sabbata
397 405 514 465 mutari
535 399 639 485 jussit
664 401 835 489 lucemque
862 409 1072 487 sequentem,

228 495 302 560 eun
327 495 474 562 clausum
500 497 599 562 elusit
624 500 753 564 devicta
778 510 882 566 morte
908 499 1135 587 sepulchrum,

228 593 372 658 Aeterno
399 601 506 661 sanxit
531 596 747 663 venerandam
774 603 805 662 in
831 596 965 662 saecula
988 597 1090 662 cultu.
1144 593 1148 610 '

227 691 368 756 Caetera
399 692 611 778 Apostolicae
636 694 827 776 statuenda,
854 693 1014 759 abolenda
1039 695 1165 760 cohorti

226 789 507 875 Praesulibusque
533 797 654 873 sacris,
680 811 740 877 per
765 792 877 856 saecla
902 799 1077 878 sequentia
1101 794 1211 878 liquit,
1315 831 1318 840 =

226 887 319 952 (tuos
345 893 494 973 picturati
521 894 654 954 veniens
682 910 700 953 e
726 888 854 955 fornice
882 891 989 954 mundi

225 984 367 1071 Spiritus
393 985 551 1048 aetherea
576 985 798 1072 complectens
823 987 897 1052 luce
924 987 1070 1069 docebit,

225 1083 317 1148 (luas
344 1079 475 1167 populis
502 1081 615 1169 leges,
644 1103 727 1168 quae
753 1084 880 1150 demum
905 1083 996 1150 festa
1021 1089 1194 1170 quotannis

225 1180 316 1244 Orbe
342 1180 423 1242 velit
446 1179 569 1244 domito
596 1191 630 1246 et
655 1181 787 1267 templis
814 1182 934 1262 inferre
960 1183 1087 1248 dicatis.

306 1324 447 1410 Jamque
467 1336 584 1411 qnater
605 1327 718 1392 decies
739 1327 918 1393 radiantem
941 1332 972 1390 in
994 1334 1129 1415 gurgite
1150 1349 1276 1413 currum

223 1422 391 1488 Merserat
418 1423 552 1489 occiduo
581 1421 709 1489 Domini
736 1434 812 1510 post
840 1427 956 1490 furnera
982 1425 1077 1490 Titan

226 1519 332 1605 Atque
359 1531 563 1608 expectatam
589 1529 699 1587 roseis
725 1528 756 1586 in
785 1523 916 1587 caerula
942 1521 1028 1588 coeli

222 1619 348 1683 Ventus
374 1625 470 1703 equis
496 1619 604 1684 lucem,
630 1626 728 1686 terris
754 1621 876 1687 inferre
902 1620 1054 1703 parabat,

224 1717 298 1790 (lua
323 1723 428 1799 patris
453 1722 578 1781 aeterni
606 1717 743 1784 soboles
769 1717 932 1782 coelestia
959 1738 1062 1804 regna

223 1807 414 1878 Scanderet.
467 1813 615 1880 Aurorae
642 1821 746 1900 primo
773 1815 834 1879 sub
861 1815 982 1879 lumine
1008 1815 1116 1880 divum

223 1910 393 1998 Aligerum
420 1921 548 1975 turmae
577 1913 728 1998 coelique
756 1917 919 1978 exereitus
948 1919 1051 1976 omnis

222 2007 378 2073 Exultant
402 2015 518 2074 animis
546 2015 580 2072 et
602 2019 695 2074 tanto
720 2011 817 2097 digna
841 2010 1006 2097 triumpho
1047 2008 1048 2016 ’

223 2106 422 2171 ornamenta
447 2114 570 2194 parant.
625 2108 773 2172 Geminat
798 2118 894 2193 pater
920 2109 1070 2173 omnihus
1097 2106 1160 2170 alis

223 2203 347 2268 Gaudia
374 2213 408 2268 et
434 2209 571 2268 eximios
597 2206 696 2270 divini
723 2205 881 2294 prodigus
908 2206 1029 2268 imbres
1082 2234 1086 2242 »

206 2293 377 2366 ’Νοειιιιίε
403 2300 596 2366 accumulat.
647 2302 766 2367 Radiat
792 2302 913 2386 majore
940 2323 1056 2365 sereno

223 2399 374 2481 Supremi
401 2399 516 2462 domus
540 2398 607 2461 alta
632 2401 697 2482 poli
728 2421 788 2462 non
817 2399 938 2463 lumine
964 2398 1109 2480 Phoebi,

224 2495 298 2558 Non
325 2493 422 2558 lunae
448 2494 567 2576 radiiS,
594 2516 666 2584 non,
684 2497 933 2560 accendentibus
960 2499 1077 2577 astris,

223 2592 342 2655 Divina
366 2591 426 2658 sed
451 2591 545 2676 luce3
571 2613 666 2658 suum
692 2593 744 2658 sol
769 2614 891 2657 arrreus
917 2593 1027 2658 orbem

223 2687 370 2752 Illustrat
395 2689 496 2758 Deus
524 2696 596 2775 ipse
623 2691 860 2778 immortalique
887 2711 1057 2755 coruscum

223 2785 358 2850 humine
381 2787 554 2876 distinguit
579 2789 829 2874 majestatisque
855 2789 974 2852 beatae

223 2883 357 2965 Attollit
384 2885 494 2951 radiis,
548 2883 719 2969 Seraphim
746 2884 989 2970 Cherubimque
1017 2889 1146 2948 coronis

224 2981 318 3045 Atria
345 2980 432 3046 clara
459 2988 591 3062 micant,
618 2982 795 3069 tranquilla
820 2982 894 3046 luce
921 2981 1144 3064 Thronorurn,

123 3065 134 3084 ’
223 3079 470 3164 Purpureisque
496 3080 610 3145 ardent
635 3079 842 3144 Dominarum
868 3077 1016 3144 flammea
1039 3085 1154 3143 turmis

223 3175 367 3242 Moenia.
422 3176 470 3241 Ab
497 3180 549 3241 his
576 3177 717 3262 pendent
743 3177 940 3261 reliquorum
973 3175 1083 3242 lucida
1109 3183 1218 3239 castra

177 3273 180 3281 '
223 3273 426 3357 Coelituum,
454 3297 538 3360 quos
565 3259 711 3362 supremi
736 3295 822 3362 vaga
847 3273 958 3338 sidera
984 3274 1069 3341 coeli

224 3367 404 3451 Appellare
429 3379 554 3454 ausim,
581 3380 658 3458 quia
683 3380 791 3437 terrae
819 3391 896 3434 cura
922 3371 1073 3436 volentes

223 3463 365 3549 Saepius
391 3489 410 3530 a
436 3475 530 3552 patrii
558 3470 686 3535 deducit
711 3470 849 3534 eulmine
875 3467 969 3532 coeli.

321 3619 349 3683 0
377 3625 496 3685 utinam
523 3627 668 3710 ingentis
693 3643 801 3688 coram
828 3631 978 3708 spectare
1003 3624 1157 3708 triumphi

222 3716 390 3806 Ingenium
418 3728 527 3805 atque·
545 3741 656 3784 omnes
683 3720 833 3785 licuisset
859 3741 993 3784 cernere
1018 3719 1124 3784 divum

222 3815 291 3880 llac
316 3823 346 3881 in
373 3815 446 3881 luee
471 3817 592 3881 choros
616 3818 832 3902 plausumque
857 3821 1005 3880 micantis
1032 3815 1177 3904 Olympi!

223 3913 361 3978 Casside
388 3934 452 3998 qna
478 3913 638 3996 Michadl,
666 3935 730 3998 quo
757 3913 895 3978 stellans
919 3919 1040 3978 murice
1065 3924 1190 3979 turmas

223 4010 406 4076 Coelituum
434 4012 589 4097 produxit
613 4031 732 4092 ovans,
760 4019 854 4096 queis
880 4010 974 4076 fulsit
999 4016 1030 4075 in
1057 4016 1156 4075 armis

222 4108 439 4197 Pennigerum
465 4119 518 4176 ter
544 4113 627 4173 trina
653 4112 759 4191 aomo,
789 4129 872 4193 qaae
898 4108 1026 4195 spicula
1051 4108 1178 4176 deutris
