3082 4746
114 227 218 333 ι184

656 223 898 280 clmtsatauos

227 411 278 479 Ta
303 416 427 498 primus
454 414 530 476 vltis
555 407 681 496 palmos
707 409 884 495 coelestis,
911 417 945 478 et
970 429 1054 478 uvae

227 508 263 576 ln
287 529 385 576 cruce
411 508 562 576 calcatae
582 507 664 575 lelir
689 515 861 594 pincerna,
887 515 989 597 rigati

227 605 405 697 Sanguinis
431 612 543 674 intacti
569 606 678 693 pluvia
701 607 764 672 llos
790 607 946 700 primulus
973 607 1082 690 orbis,

227 704 434 773 Semianimis
459 727 597 792 praeno,
621 710 793 771 morientis
820 712 941 792 martyr
964 704 1081 787 dress,

225 803 393 870 Primitiae
417 805 528 870 mundi
553 806 691 884 asserti,
716 803 929 868 memorabile
955 809 1070 870 mortis

224 901 335 990 Atque
361 901 460 966 Erebi
485 907 565 967 victi
591 897 750 984 spolium,
778 907 952 984 parcentis·
969 900 1100 987 Olympi

224 999 287 1066 Vel
313 998 498 1084 desperatis
523 1003 644 1088 pignus
669 997 858 1063 venerabile
882 1003 988 1066 noxis.
1120 1037 1122 1040 -

321 1191 367 1257 At
393 1211 472 1256 vero
499 1197 535 1257 ut
560 1191 691 1258 Domini
718 1199 855 1258 mortem
880 1191 1010 1258 Natura
1033 1195 1247 1277 propinquam

224 1290 353 1370 Sensit,
380 1289 575 1354 inhumanos
600 1289 730 1380 tandem
757 1310 941 1357 excussura
967 1291 1100 1356 inroras
1215 1344 1217 1354 ,

222 1386 390 1454 Indomitis
416 1387 528 1474 populi
553 1387 663 1472 libris,
690 1387 875 1476 dignasque
900 1393 1031 1474 parenti

222 1484 391 1572 Exequias
414 1485 544 1551 iactura
568 1505 650 1568 suo,
675 1506 756 1551 sese
783 1491 857 1572 ipsa
881 1507 1028 1572 suasque

223 1582 429 1670 Contempsit
455 1583 571 1670 leges,
598 1602 683 1672 rege
709 1588 880 1671 expirante
904 1589 1015 1671 parire

221 1679 410 1768 Affectans,
437 1679 567 1746 coelum
591 1685 717 1768 ingenti
743 1691 930 1768 terramque
954 1679 1094 1746 tumultu

222 1778 347 1844 Miscet
372 1786 407 1844 et
431 1785 546 1844 insano
564 1778 738 1843 'contundit
754 1787 883 1844 rcurrcta
908 1778 1048 1844 dolori„

220 1873 272 1941 Ac
297 1882 436 1960 primum
463 1881 622 1964 egregios
648 1896 800 1942 moerens
829 1875 982 1942 discindit
1007 1881 1164 1955 amictus,

220 1972 365 2039 Divitias
391 1994 493 2040 exosa
517 1974 596 2038 sua's
622 1981 657 2038 et
682 1973 832 2039 Daedala
854 1973 962 2060 pallae

107 2102 110 2114 ·
221 2069 439 2156 ornamenta,
466 2071 587 2138 rubens
612 2091 710 2156 qnam
737 2077 827 2137 cocci
852 2081 981 2138 stamen
1007 2076 1042 2136 et
1067 2069 1184 2136 albens

220 2169 349 2255 Byssus
376 2168 533 2256 Amyclae
560 2167 648 2234 helle
672 2173 850 2236 intertexta
875 2169 1080 2256 Hyacintho,

220 2267 402 2355 Tinctaque
428 2267 572 2333 Sidoniis
598 2267 748 2332 variabat
771 2288 917 2353 purpura
942 2267 1071 2333 ahenis.

220 2364 348 2430 Emicat
370 2369 403 2428 in
430 2385 528 2430 cocco
556 2363 641 2430 coeli
666 2363 706 2428 ad
728 2363 871 2430 confinia
895 2370 1024 2430 torrens

219 2460 312 2549 Ignis
339 2469 375 2527 et
402 2467 579 2530 auricomis
601 2460 764 2526 accendit·
779 2461 891 2530 sidera
913 2462 1064 2528 flammis.

220 2558 399 2624 Proximus
421 2556 541 2623 Oebali
566 2557 696 2622 lascivit
719 2563 753 2621 in
780 2561 860 2625 orbe
885 2559 1060 2646 Hyacinthi

220 2653 288 2720 Aer
312 2664 346 2719 et
370 2659 477 2738 pictis
494 2655 664 2720 volucram
689 2655 872 2723 diffinditur
894 2658 971 2724 alia.

218 2752 351 2840 Figitur
374 2757 405 2816 in
433 2753 533 2839 bysso
558 2751 658 2820 tellus
684 2760 842 2843 varioque
869 2757 990 2823 decore

218 2849 281 2916 llic
307 2858 412 2915 tumet
434 2856 467 2916 in
493 2858 640 2936 montes,
667 2853 720 2917 hic
744 2854 872 2920 coelum
898 2855 1042 2921 turribus
1068 2852 1190 2934 ambit,

218 2947 281 3013 llic
308 2947 394 3014 cadit
419 2956 452 3015 in
479 2949 585 3016 valles
613 2957 647 3016 et
671 2949 911 3036 pellucantibus
937 2952 1032 3018 undis

217 3045 335 3131 Ebria,
362 3045 418 3112 dat
442 3047 543 3112 tiores
572 3047 696 3130 hortis,
723 3047 778 3113 dat
803 3055 952 3137 gramina
975 3053 1099 3134 pratis,

217 3144 261 3211 Et
286 3143 390 3231 sylvis
415 3146 548 3212 umbras
575 3153 609 3212 et
633 3145 749 3232 trugas
775 3151 917 3230 parturit
933 3151 1044 3211 arvis.

217 3242 372 3309 Oceanus
399 3242 494 3310 viridi
521 3243 743 3330 indignantem
768 3264 912 3328 purpura
935 3241 1095 3308 'inundans
1188 3297 1191 3304 ,
1228 3318 1231 3323 ,

216 3337 387 3405 Fluctibus
414 3340 568 3422 includit,
594 3347 721 3405 teretes
746 3359 809 3423 per
833 3338 934 3405 litora
958 3359 1104 3428 gemmas

217 3437 354 3525 Spargit
380 3445 414 3502 et
439 3438 625 3522 hospitibus
651 3442 770 3500 sternit
794 3435 877 3501 vada
901 3438 988 3504 falsa
1014 3441 1144 3502 carinis.

215 3531 418 3619 Tranquillis
444 3533 565 3617 placidi
590 3532 704 3598 ludunt
730 3531 902 3619 delphines
928 3543 960 3601 in
989 3536 1086 3601 nadis

216 3631 489 3716 Squamigerlque
514 3651 638 3720 greges
662 3636 825 3696 sinuantia
851 3635 991 3700 carbasa
1013 3630 1157 3720 praedae

216 3726 370 3814 Expositi
395 3735 547 3811 spectant
572 3733 767 3814 inimicaque
793 3739 877 3798 retia
905 3738 1061 3798 temnunt.

216 3823 289 3890 Hoc
312 3830 407 3910 pater
432 3830 638 3912 omnipotens
663 3833 760 3913 primi
784 3831 846 3894 sub
873 3837 1022 3916 tempora
1043 3825 1153 3894 mundi

216 3921 378 3989 Naturam
404 3931 518 3989 ornatu
542 3923 692 3990 induerat
716 3924 914 4014 limbumque
942 3945 1080 3991 corusca

217 4019 308 4086 Luce
334 4021 540 4088 metallorum
566 4027 687 4111 pictum
712 4023 908 4090 distinxerat
933 4027 1019 4090 onml

126 4157 140 4181 .
218 4113 382 4186 austrum
408 4129 553 4194 sanun
577 4119 681 4190 vultu.
710 4119 863 4188 ¹Natura
888 4127 1066 4212 parenti·
1161 4164 1163 4173 ·
