3082 4746
657 183 901 242 cumulamus

229 372 267 437 ln
293 370 423 436 dubium
449 369 591 436 tralrore.
641 369 755 438 lufomi
782 389 878 456 quem
903 369 1052 454 perdere
1070 370 1161 438 letlro

229 471 394 535 lusontern
417 468 560 552 ardetis,
585 473 721 532 summis
747 473 778 532 in
804 467 946 532 nubibus
970 467 1048 534 olim

230 567 401 657 Angelicis
428 567 575 634 clausum
601 572 716 632 turmis
742 567 926 648 dextraque
952 565 1097 633 locatum

230 666 381 731 Aetherii
405 670 511 752 patris
538 672 570 728 et
596 664 682 734 solio
707 663 866 732 stellante
890 683 1072 731 coruscum·

140 811 144 824 ·
231 766 382 832 Cernetis
408 769 537 828 meritis
562 769 676 830 sontes
706 757 875 826 involvere
902 768 1028 848 poenis

255 955 259 958 ’
327 955 419 1022 llaec
437 955 492 1018 ubi
513 953 600 1019 dieta
622 954 726 1018 dedit:
751 975 923 1038 procerum
947 975 1023 1040 pars
1045 961 1176 1043 optima,
1196 965 1287 1022 caeci
1371 968 1373 971 ’

229 1058 393 1122 Immunes
420 1053 486 1118 odii
511 1059 640 1118 mentes
665 1058 850 1137 intactaque
878 1052 995 1134 corda,

228 1153 303 1218 Non
330 1157 537 1235 expectatum
562 1152 736 1216 verborum
762 1150 883 1216 fulmen
910 1159 945 1214 et
969 1149 1027 1216 alti

228 1251 384 1316 lnvictam
410 1255 563 1314 virtutem
588 1254 686 1314 animi
712 1248 919 1334 vultumque,
947 1248 1000 1312 vel
1026 1254 1120 1331 ipsos

228 1346 384 1413 Artifices
410 1345 573 1412 scelerum
599 1367 719 1412 arcano
746 1353 874 1410 terrore
896 1353 1096 1429 moventem,

229 1444 411 1530 Mirantur3
436 1464 590 1531 magnum
615 1443 760 1532 gaudent
783 1444 981 1532 ingentibus
1001 1449 1086 1510 actis

223 1539 443 1628 ‘Respondere
470 1562 581 1625 reum,
609 1563 668 1606 nec
694 1542 902 1629 degenerare
928 1544 1100 1626 stupendis

228 1639 368 1704 Vincula
393 1635 555 1726 prodigiis
581 1661 642 1706 nec
668 1641 866 1706 dedecorare
893 1648 1072 1724 parentem.
1151 1673 1155 1680 ·
1185 1684 1189 1694 ·
1293 1676 1295 1687 =

229 1737 482 1822 Conjuratorurn
508 1737 678 1802 sedenim
703 1743 779 1825 quia
803 1735 947 1802 tendere
976 1748 1093 1804 contra
1162 1775 1164 1782 v

228 1833 406 1900 Leviadurn
432 1834 540 1900 furias
568 1834 799 1920 obluctarique
824 1842 969 1901 cruentis
1085 1869 1088 1894 ι
1188 1847 1191 1865 ¹

229 1932 385 1997 Consiliis
411 1940 598 2018 importuna
623 1937 746 2017 pietate
773 1932 948 2000 tirnelraut:

231 2029 412 2119 Egregium
439 2035 539 2096 tacito
561 2031 716 2116 juvenem
742 2036 941 2097 miserantur
966 2053 1091 2098 amore*
1163 2078 1166 2088 ·

230 2129 434 2216 Divinosque
461 2135 553 2194 artus
580 2129 708 2196 elfato
735 2135 849 2214 erepta
877 2129 1028 2198 fremestl

230 2228 360 2292 Funera
384 2228 572 2314 volventes3
600 2236 634 2291 et
659 2247 760 2312 posse
787 2234 822 2292 et
848 2226 935 2292 velle
962 2227 1120 2313 periclum

230 2324 327 2388 Lethi
354 2325 571 2407 impendentis
597 2329 705 2409 putria
728 2331 759 2388 vi
785 2324 1111 2409 suangeresperant.
1160 2369 1162 2377 ·

229 2419 276 2485 At
298 2420 416 2505 reliqui
442 2425 572 2482 interea
594 2439 695 2484 saevo
723 2419 929 2500 (stimulante
955 2421 1133 2508 Megaera]

228 2518 401 2582 Dicentem
425 2515 557 2598 fremitu
584 2516 753 2602 invadunt3
780 2524 880 2601 etque
907 2523 1038 2605 agmine
1060 2519 1153 2584 lacto

229 2613 372 2680 Mortem
394 2617 614 2678 intentantes:
640 2614 716 2699 quid
744 2636 826 2699 opus
848 2613 916 2699 jam
943 2617 1090 2682 testibus
1111 2617 1230 2682 ultra?

228 2710 448 2798 Ingeminant3
474 2714 563 2794 ipse,
590 2703 663 2796 ipse
690 2712 796 2800 palam
824 2712 990 2781 stellantis
1016 2714 1154 2801 Olympi

229 2808 369 2894 Sceptra
393 2808 459 2873 sibi
485 2807 669 2894 soliumque
694 2820 962 2900 potestatemque
992 2813 1152 2880 Tonantis

228 2905 514 2989 Intolerabilibus,
541 2907 702 2974 scelerum
730 2909 842 2996 caput!
869 2920 1005 2998 arrogat
1030 2918 1133 2978 ausis.
1239 2962 1241 2970 .
1267 2943 1270 2953 ·

325 3100 421 3166 Talia
440 3101 607 3186 jactantes
634 3101 728 3167 falsis
756 3103 795 3166 ad
822 3103 935 3167 sidera
960 3101 1046 3166 tollit

226 3196 396 3265 Laudibus
421 3198 576 3266 exultans
603 3200 747 3284 Caiplras
774 3207 809 3264 et
831 3199 901 3266 dira
927 3200 1091 3266 furentum
1201 3240 1204 3246 ·

229 3295 315 3360 Vota
339 3305 515 3382 trucesque
538 3302 663 3362 animos
688 3317 845 3380 proavum
871 3298 1046 3366 virtutibus
1074 3309 1212 3386 aequatq
1253 3353 1256 3360 .

229 3391 295 3456 (lui
321 3391 518 3458 defensores
546 3398 673 3478 patriae
702 3394 878 3482 legumque
907 3415 1092 3479 sacrarum,

229 3487 424 3576 Sacrilegos
451 3495 545 3568 (nutu
572 3490 752 3558 caelestum
777 3496 957 3569 acrimonte]
982 3493 1048 3559 sub·
1072 3501 1151 3580 ipso

229 3588 370 3654 Crimine
396 3586 555 3652 Tartareo
581 3595 745 3654 extinctos
772 3607 917 3655 mersere
944 3589 1115 3672 profundo.
1145 3643 1148 3652 Δ
1263 3628 1266 3638 ⁴

228 3685 473 3769 Impatiensque
496 3707 623 3768 morae,
652 3695 804 3774 tanquam
832 3693 926 3776 niger
952 3693 1056 3751 omnis
1083 3691 1124 3756 ab
1151 3714 1231 3758 urna

230 3780 384 3850 Calculus
411 3785 549 3849 exiisset
573 3785 657 3848 coeli
685 3794 863 3872 terraeque
889 3794 1059 3869 parentem

231 3881 392 3970 Supremo
405 3887 417 3962 ,'
439 3886 528 3946 terra
552 3881 593 3946 ad
618 3883 745 3948 facinus
772 3882 932 3966 coeloque
958 3891 1137 3968 tremente,

231 3978 398 4064 Supplicio
425 3977 557 4044 addicit.
607 3980 690 4046 Luta
713 3986 897 4061 sententia,
923 3979 1060 4066 acerbo&
1112 4017 1115 4025 ·

231 4075 423 4144 lnirendens
447 4083 593 4167 gemitu,
620 4079 707 4162 quod
731 4077 785 4144 lex
811 4076 950 4144 Mosaea
969 4076 1103 4162 juberet
1177 4099 1181 4106 ·
