3082 4746
153 241 287 296 Μ
685 237 794 292 uinea
811 237 889 294 iili.

239 425 394 493 Placatus
421 421 507 490 dulei
533 431 630 490 natus
655 429 781 510 pietate
808 427 972 511 parentis!

238 524 327 590 ssuid
349 529 454 588 aaron
481 523 544 588 hoe
567 526 726 608 sperent)
752 521 879 608 quando
907 522 1080 589 demittere
1106 532 1138 589 in
1164 545 1261 594 aures

240 620 367 706 Perjuri
392 637 491 686 voces
516 623 633 685 merito
659 626 769 707 neget.
821 619 886 686 Hei
909 622 1004 686 mihi!
1029 621 1119 686 nulla
1143 633 1197 690 est

238 718 367 806 Lingua
396 719 491 800 mihi,
517 737 582 803 qua
605 723 719 782 matris
745 737 840 804 opem
865 739 1045 805 pacemque
1071 725 1221 809 magistri

239 816 398 900 Exorem3
425 819 488 880 nisi
518 834 602 900 quae
624 814 766 881 divinum
794 815 918 899 perfida
944 824 1054 882 natum

237 912 280 978 Et
306 912 435 978 dulcem
460 918 563 977 toties
589 931 672 978 ausa
696 911 849 996 objurare
874 917 1076 1001 magistrum.

238 1010 361 1076 Oscula
386 1017 462 1094 post
486 1009 614 1092 dudae,
640 1029 714 1075 mea
739 1018 818 1097 post
843 1010 1010 1095 perjuria,
1035 1010 1122 1078 fusis

237 1106 339 1173 Nulla
363 1106 446 1172 fides
472 1106 644 1191 lacrymis!
671 1114 766 1192 queis
792 1115 826 1171 et
851 1107 1038 1173 crocodilus
1063 1116 1099 1174 et
1124 1108 1180 1175 illo

238 1203 377 1271 Saevior
400 1205 566 1292 indulget,
593 1225 666 1270 cum
691 1205 845 1288 praedem
869 1209 993 1270 invasit
1018 1199 1143 1291 Hyeno.

237 1300 305 1369 Sed
331 1300 405 1388 quid
432 1323 496 1390 ego
524 1307 662 1389 ingratia
687 1302 861 1367 abeuntem
885 1301 1035 1368 demoror
1060 1303 1146 1370 ultra

238 1399 446 1467 fluentibus?
470 1400 485 1465 l
509 1405 649 1481 misero,
671 1399 805 1483 juvenis
832 1399 1044 1482 charissime,
1071 1401 1189 1484 Petro,

238 1496 419 1587 Virgineae
445 1503 538 1585 virgo
565 1496 673 1562 luotua
700 1501 857 1562 comitare
883 1502 1046 1584 parentis,

236 1594 321 1660 lluie
347 1594 506 1662 tremulae
531 1595 659 1662 focinus
685 1594 818 1683 linguae
844 1613 1006 1660 excusare
1035 1597 1214 1662 memento!

237 1692 366 1758 Interea
391 1698 502 1758 caeeis
528 1692 662 1777 plorabo
688 1690 900 1759 absconditus
926 1697 1045 1774 antus,

237 1789 474 1876 lucendamqoe
499 1812 597 1856 aoros
624 1795 743 1877 questu
771 1795 960 1875 crimenque
986 1788 1099 1854 dolore

237 1887 403 1973 Perpetuo
429 1887 592 1975 plangam.
643 1887 859 1972 0.nunquam
885 1887 965 1952 mibi
989 1888 1121 1952 flumina
1146 1886 1273 1968 desint,

236 1985 323 2050 Dum
349 1989 460 2072 gravis
484 1991 632 2072 ingratos
657 1983 811 2050 animabit
836 1988 975 2068 spiritus
997 1993 1110 2068 artus3

241 2079 294 2146 Ne
320 2088 445 2163 contre,
473 2101 512 2145 ne
537 2081 653 2162 tende,
679 2101 755 2162 oro,
782 2085 838 2164 qui
864 2089 959 2144 nocte
986 2086 1122 2168 negavi,

242 2176 379 2242 Audebo
405 2184 532 2242 tentare
557 2175 669 2241 dienrll
696 2180 725 2240 ai
751 2183 900 2240 mortuus
926 2183 1018 2240 atros

240 2274 275 2340 ln
303 2279 430 2339 cineres
457 2274 576 2340 redeat*
596 2273 764 2355 dominos,
790 2272 946 2356 plorando
973 2271 1159 2357 retundam,

240 2370 346 2438 (tuan
371 2369 456 2436 male
481 2375 627 2458 surripul
651 2369 797 2436 ruendaoi
822 2377 957 2458 gutture
985 2376 1096 2436 vitam.

239 2468 298 2534 Sin
324 2467 448 2534 tumulo
472 2489 552 2534 sese
577 2472 650 2553 ipse
674 2488 738 2532 suo
763 2468 932 2534 redivivus
956 2473 988 2532 in
1015 2487 1114 2533 auras
1237 2525 1241 2538 ,

238 2563 418 2647 Extulerit,
448 2570 513 2645 [sio
539 2564 721 2650 pollicitus)
747 2572 925 2631 mortemve
950 2571 1124 2632 minantem

239 2662 441 2749 Vinculaque
468 2669 521 2741 (ut
545 2662 721 2747 quondam)
747 2662 875 2743 eludat,
902 2664 1116 2730 miserebitur
1141 2664 1244 2748 ultro,

240 2759 346 2825 Credo
373 2759 541 2846 equidem,
565 2766 599 2824 et
623 2759 774 2844 lacrymis
796 2765 923 2826 veritam
948 2760 1133 2848 indulgebit
1159 2768 1288 2845 amaris.

337 2951 408 3016 Hac
432 2958 505 3017 vice
529 2972 711 3018 sermonum
732 2951 800 3036 jaro
823 2955 926 3038 prima
951 2963 1139 3022 recesserat
1162 2957 1262 3038 hora,

238 3050 281 3115 Et
303 3049 428 3116 Phoebi
454 3050 615 3138 igniferos
641 3049 792 3116 frenabat
811 3055 911 3114 tertia
937 3071 1071 3134 currus,

239 3147 319 3212 (lum
344 3147 528 3214 Zebedides
553 3148 677 3214 frustra
702 3167 740 3212 se
762 3146 895 3212 tendere
920 3156 1034 3213 contra

239 3242 432 3329 Aspiciens,
458 3251 619 3310 moestum
646 3253 795 3311 moestus
819 3244 948 3312 solatur
973 3251 1109 3312 amioum

239 3340 348 3427 Atque
373 3347 544 3430 insperata
569 3343 770 3408 adscendens
796 3349 939 3408 novitate
965 3353 1152 3430 gementum

238 3438 458 3506 Matronatum
485 3445 611 3504 animos
639 3448 673 3505 et
698 3439 798 3506 eorda
821 3445 989 3526 stupentia
1014 3439 1133 3526 replet.

239 3536 404 3626 Ingemuit
428 3536 521 3623 lapso
547 3543 641 3625 virgo
666 3542 840 3603 mitissima
862 3543 965 3603 amico

239 3633 282 3700 Et
307 3644 420 3724 gratas
448 3641 578 3719 superis
605 3635 767 3718 lacrymas
792 3639 950 3702 miserata
975 3634 1113 3702 refudit:

334 3828 364 3893 0
390 3834 523 3895 nimium
547 3829 688 3917 pelago,
712 3834 844 3894 nimium
871 3829 997 3896 confise
1024 3849 1142 3896 sereno

240 3926 357 4008 Patre,
384 3925 569 4012 procelloso
596 3932 726 3994 nimium
752 3927 904 4009 turbate,
934 3932 1046 4012 tuique

239 4021 425 4106 Immemor,
453 4025 575 4092 afflicto
602 4030 783 4112 ingeminas
811 4047 873 4092 uon
900 4023 1010 4090 debita
1034 4029 1110 4088 nato

238 4118 400 4204 Vulnera,
427 4143 490 4189 non
516 4128 621 4188 matri.
671 4122 758 4204 Quid
785 4127 918 4205 mirum,
945 4127 974 4187 si
1000 4127 1092 4205 petat
1118 4119 1227 4185 hostis
