3082 4748
140 247 276 301 crosa
698 241 807 297 eman
831 243 863 297 v.
1201 269 1204 276 Δ
1339 251 1406 322 iti

230 429 441 510 Pertentent,
465 426 570 514 slleo;
594 429 674 513 quis
692 433 779 494 enim
797 428 888 493 'haec
911 429 1144 514 comprendere
1169 431 1282 498 verbis

229 526 366 612 speret,
394 532 447 592 cui
471 529 584 612 superi
610 547 674 590 non
699 545 897 592 concessere
923 533 1071 612 parentis

229 625 359 690 Nomen
385 631 420 689 et
442 623 574 688 infixum
601 628 705 706 patrio
731 623 792 690 sub
819 631 952 709 pectore
971 631 1131 695 'amorem

327 818 419 884 Hanc
444 816 581 884 nendum
607 837 628 882 e
653 817 798 883 tbalamo
825 818 943 886 elatam
967 818 1290 906 Jemaeiaproles

230 917 341 983 Invitis
365 921 438 1001 puri
461 920 572 1000 rapuit
598 915 638 980 de
663 915 816 982 faucibus
843 921 921 982 orci.

229 1013 273 1080 At
292 1012 447 1098 juvenem
471 1013 599 1079 ¹feretro
626 1017 830 1098 impositum,
851 1012 1051 1099 jamjamque
1077 1013 1255 1104 sepulchro

229 1111 437 1177 Gaudendum
464 1109 643 1176 aethereas
670 1110 753 1175 coeli
783 1117 949 1177 revocavit
974 1111 1015 1176 ad
1039 1131 1172 1180 auras.-

229 1209 303 1274 stat
328 1229 432 1294 prope
457 1207 599 1288 nubiferi
625 1207 763 1295 fastigia
788 1209 879 1274 celsa
903 1210 1067 1275 Thaboris

227 1306 333 1373 Dives
358 1328 474 1391 opum,
497 1305 660 1371 foecunda
685 1306 774 1390 solo,
802 1306 1018 1372 celeberrima
1044 1307 1191 1392 pulchris

229 1403 376 1470 Aedibus
402 1405 496 1487 urbs,
511 1404 684 1489 vcoeloque
708 1405 905 1470 minantibus
932 1406 1035 1470 ardua
1062 1409 1181 1488 muris,

228 1503 326 1567 Dicta
349 1501 448 1567 Naim
474 1501 600 1588 Graiis3
626 1501 760 1586 liquidis
786 1523 883 1589 qoam
908 1508 1034 1568 vitreus
1060 1501 1156 1568 undis

229 1599 437 1684 Piscosoque
462 1620 582 1664 secans
609 1598 923 1687 interluit-aequore
949 1601 1075 1666 Cisson.
1138 1631 1169 1690 j

228 1696 301 1762 Huc
328 1703 453 1782 patriae
477 1697 560 1761 fines
587 1695 738 1763 Nazarae
765 1705 798 1762 et
823 1697 932 1762 dulcia
955 1717 1033 1763 rurs

229 1795 310 1861 Cum
335 1799 439 1860 sociis
463 1802 619 1880 repetens
648 1815 800 1884 gressum
824 1795 979 1862 tendebat
1002 1793 1129 1864 Jsstis.

227 1891 370 1976 Jamque
395 1893 635 1978 propinquabat
659 1899 776 1974 muris,
803 1914 876 1957 cum
901 1911 1053 1980 exangue
1080 1894 1221 1962 cadaver

228 1987 368 2074 Egregii
388 1987 522 2070 juvenis
549 1990 682 2068 (viduae
708 1988 890 2053 Genitricis
915 1998 950 2054 et
974 1990 1074 2053 orbae

230 2083 399 2147 Infandum
424 2083 558 2160 vulnus)
586 2085 676 2148 cbari
702 2091 831 2148 cervice
857 2084 990 2148 sodales
1107 2121 1109 2124 ·

229 2178 280 2246 Ad
307 2177 464 2244 tumulum
490 2200 607 2266 magna
632 2179 731 2244 funus
757 2186 932 2245 comitante
959 2188 1094 2263 caterva

228 2275 433 2354 Extulerant.
484 2276 612 2342 Misero
639 2274 792 2342 fervebat
817 2276 960 2362 undique
985 2275 1118 2361 planctu

228 2373 365 2440 Moenia
390 2380 424 2437 et
450 2377 559 2440 iiercis
583 2371 721 2458 subjecti
746 2374 918 2438 moenibus
943 2379 1027 2461 agri.

229 2469 400 2536 Caeruleis
427 2477 542 2537 tristes
568 2469 762 2558 repetebant
787 2469 938 2537 Naiadas
964 2470 1061 2537 undis

228 2563 413 2654 Lugentum
440 2573 593 2656 gemitus.
645 2567 771 2634 Viduae
798 2573 944 2656 suspiria
970 2574 1083 2635 matris

232 2664 317 2729 (luis
342 2664 493 2730 referat?

230 2760 342 2844 Illam,
369 2761 447 2827 olim
473 2763 580 2826 orbati
605 2783 677 2826 eum
702 2783 904 2844 conspexere
929 2771 1098 2848 parentes,

229 2858 264 2923 ln
292 2857 403 2924 luctus
425 2859 575 2944 rediere3
603 2866 721 2924 iterum
746 2879 810 2924 sua
835 2859 951 2924 lunera
976 2859 1110 2924 credunt

230 2955 410 3040 Elatasque
435 2962 530 3042 sequi
556 2962 590 3020 et
614 2955 738 3020 tumulo
766 2976 962 3038 componere
987 2966 1093 3021 natos.

229 3052 274 3118 Ut
299 3053 381 3117 vidit
407 3052 568 3138 lacrymas
595 3055 695 3118 orbae
723 3052 896 3118 Genitricis
924 3063 961 3120 et
985 3074 1044 3118 ora

229 3151 318 3216 Vera
343 3150 406 3214 Dei
431 3150 567 3217 soboles
591 3151 756 3236 fixumque
782 3157 813 3216 in
840 3151 938 3216 corde
964 3149 1128 3235 dolorem3

229 3248 394 3334 Ingemuit
419 3253 564 3336 graviter
589 3252 748 3314 miserans
774 3255 807 3314 et
830 3247 979 3313 dulcibus
1005 3269 1141 3336 aegram

229 3344 381 3428 Eloquiis
405 3344 544 3428 mulcet,
570 3344 733 3430 lacrymas
758 3345 907 3412 inhibere
932 3347 1071 3411 fluentes

228 3441 391 3506 Admonet
414 3450 448 3506 et
473 3452 594 3508 certam
620 3451 696 3508 nato
722 3463 857 3530 sperare
883 3443 1036 3509 salutern.

228 3538 291 3604 llla
315 3539 411 3628 silet3
436 3561 497 3606 nec
523 3561 587 3626 quo
614 3547 779 3627 promissa
803 3547 952 3627 ingenita
976 3541 1126 3619 tendant,

230 3635 440 3722 Assequitur·.
493 3639 616 3704 Tamen
643 3639 695 3702 bis
720 3637 880 3722 lacrymas
906 3643 979 3705 sine
1006 3637 1082 3728 lege
1106 3639 1259 3705 cadentes

229 3736 383 3800 Froensri
410 3743 445 3799 et
472 3735 571 3802 duros
598 3741 742 3823 gemitus
769 3741 940 3800 mitescere
968 3743 1080 3802 sentit.
1170 3781 1180 3790 -

229 3832 320 3896 Haec
346 3839 447 3898 tacite
475 3833 657 3916 admirans,
684 3843 796 3898 erecto
821 3833 957 3918 lumine,
986 3841 1113 3922 nigrum

230 3927 327 3992 Stare
352 3930 441 3996 videt
466 3932 634 4018 capulum3
659 3952 731 3996 nam
757 3939 930 4021 postquam
957 3937 1084 4020 virgine
1108 3938 1204 3994 natos

229 4024 383 4091 Accessit
404 4035 582 4118 tetigitque
609 4051 704 4094 manu
728 4029 867 4117 lugubre
893 4030 1070 4109 feretrum,

230 4123 465 4210 compressere
490 4127 626 4215 gradum
647 4125 806 4212 juvenes,
834 4127 984 4213 fessique
1011 4126 1132 4190 laboris
