3082 4748
156 227 227 296 att

666 218 909 272 caursnmuos
936 291 940 302 Ι

240 405 323 496 Non,
343 408 463 492 poterit
490 402 578 470 claro
604 403 743 468 nebulas
770 401 946 468 obtendere
974 403 1078 482 laeto,

240 501 312 568 Nec
337 506 428 568 vanis
451 501 580 566 facilem
606 500 712 566 illudi
727 509 917 586 pervertere
941 498 1069 582 plebem

240 601 433 688 Figmeutis.
485 597 677 664 celeremus
702 604 766 662 iter
792 617 970 680 verumque
995 603 1161 682 parentem

242 697 397 784 Prodigia
423 695 553 760 dentem
580 696 720 760 invidiae
748 698 932 758 excutiente
958 695 1143 778 probemus.

340 889 395 954 Sic
414 895 588 953 memoret:
613 893 826 973 coeptamque
841 892 925 952 viam
947 885 1150 952 laetissimas
1171 896 1287 974 urget,

237 989 380 1072 Jamque
406 983 644 1072 propinquabat
668 989 784 1065 tectis,
811 1005 883 1048 cum
909 983 1043 1049 Martha
1068 984 1220 1071 [benigni

240 1085 393 1167 Hospitis
419 1081 592 1146 adventum
617 1081 749 1146 famulis
775 1081 1014 1162 referentibus)
1040 1080 1126 1147 ultro
1174 1137 1177 1144 .

240 1179 343 1244 Exilit
365 1186 398 1242 et
423 1177 522 1243 celeri
551 1200 610 1264 per
635 1187 728 1263 prata
753 1183 891 1244 virentia
915 1196 1036 1265 gressu

240 1278 392 1340 Occurrit
415 1297 599 1363 magnoque
624 1283 764 1342 animum
791 1275 922 1341 turbate
944 1275 1076 1356 dolore,

239 1372 283 1436 Ut
309 1378 443 1458 primum
470 1374 532 1438 fari
559 1379 682 1460 potuit,
706 1379 756 1438 sic
782 1394 840 1437 ore
865 1371 1017 1438 resolvit:
1117 1387 1120 1394 ’

338 1565 367 1629 0
394 1565 449 1632 lux
475 1568 650 1634 leucidum!
678 1591 697 1630 o
724 1574 868 1632 miserae
893 1587 973 1653 spes
998 1571 1095 1632 unice
1120 1569 1247 1653 gentis!

241 1663 335 1728 (luae
361 1670 471 1730 tantae
498 1675 531 1730 te
557 1666 729 1734 Cflats'rr:
754 1684 866 1729 morae
890 1665 1044 1730 tenuere!
1068 1671 1234 1749 potentem

241 1760 325 1825 (luis
351 1782 466 1843 casua,
493 1783 577 1849 quae
603 1762 754 1825 fortunae
779 1767 830 1827 vis
856 1783 990 1847 aspera,
1015 1767 1139 1828 uostris

239 1856 356 1921 invidit
380 1859 533 1943 precibus
559 1858 720 1924 dextram!
746 1857 832 1942 quod
858 1859 1000 1944 denique
1027 1857 1145 1924 fractis

239 1954 323 2018 Post
347 1959 508 2020 immaturi
534 1957 632 2021 straus
657 1955 848 2022 miserabile
874 1957 987 2022 fratria
1075 1997 1078 2002 ,

239 2050 406 2116 Auxilium
431 2052 560 2119 laturus
586 2053 665 2118 adea
692 2054 887 2120 charissime
911 2055 1030 2120 rebus!

239 2148 335 2213 ssuod
362 2155 391 2212 si
418 2154 597 2216 semianimi
624 2171 781 2236 praesens
804 2173 1001 2218 succurrere
1028 2155 1153 2227 amiam·

238 2244 347 2333 Atque
374 2247 557 2312 orbatorum
584 2254 752 2332 potuisses
777 2249 859 2313 dura
878 2269 1026 2314 sororum

238 2342 395 2406 Lernento
420 2343 648 2427 ululantesque
672 2343 788 2408 oculos
812 2343 1028 2428 planctusque
1054 2341 1183 2408 videre:

240 2437 345 2502 Credo
369 2437 534 2522 equidem,
559 2437 664 2501 morbi
690 2445 798 2502 victor
822 2446 1020 2524 mortisque,
1047 2444 1226 2526 resumptis
1257 2493 1260 2500 .

239 2533 373 2598 Viribus
399 2533 573 2598 aethereas
596 2539 773 2599 etiamnum
798 2533 946 2602 Lazarus
969 2557 1067 2602 auras

239 2627 372 2695 Vivacis
397 2631 544 2695 traheret
565 2629 727 2717 longaeve
748 2637 779 2696 in
805 2632 861 2698 iile
886 2643 1054 2702 senectae.

238 2724 336 2790 Nunc
360 2727 432 2790 fuit.

335 2920 529 2992 CHRISTUS
547 2923 705 2990 adhaec:
734 2931 821 2992 vitae
840 2928 1009 2995 arbitrium
1026 2932 1206 3010 mortisque
1222 2948 1410 3013 supremum

239 3015 295 3080 Me
321 3039 425 3104 penes
450 3028 513 3085 est.
564 3022 752 3108 Vivuntque
776 3026 854 3086 mihi
880 3024 932 3087 vel
959 3022 1089 3108 perdita
1112 3021 1254 3092 dammis

238 3113 365 3180 Funera
390 3116 443 3180 ve'l
462 3123 548 3202 putri
570 3120 717 3184 resoluta
743 3118 902 3182 cadavera
927 3119 1014 3182 tabo.
1130 3152 1134 3160 ·

237 3211 308 3276 Nec
334 3212 427 3277 solus
453 3215 576 3280 tumulo
604 3216 708 3280 frater
732 3214 900 3278 remeabit
916 3234 1020 3298 opaco

237 3307 292 3372 Me
321 3321 499 3376 revocante
524 3319 610 3376 tuus.
663 3311 832 3376 lluondem
857 3320 1066 3376 monumenta
1090 3313 1264 3382 retundent

236 3405 353 3470 Omnia
379 3408 417 3471 ad
442 3414 609 3494 imperium
635 3409 753 3473 domini
780 3407 925 3472 rediviva
946 3408 1116 3493 jacentum

236 3503 400 3588 Corpore3
429 3504 568 3590 dispersi
596 3509 723 3570 cineres
749 3525 915 3589 exesaque
942 3515 1081 3593 surgent

235 3600 340 3681 tissa,
367 3620 428 3663 neo
451 3610 607 3666 aeternae
633 3601 727 3666 ferali
753 3602 888 3687 cuspide
910 3608 1024 3668 mortis

236 3696 375 3760 corruet
398 3703 580 3778 extinctus,
609 3704 758 3784 quisquis
781 3721 857 3764 mee
882 3709 991 3765 castra
1016 3712 1151 3769 secutus

234 3792 387 3875 Accipiet
411 3792 506 3882 leges
532 3801 732 3880 meritosque
758 3798 878 3862 indicet
900 3798 1054 3864 honores.

233 3887 353 3952 Verum
380 3910 442 3979 ege
469 3902 503 3956 et
527 3891 670 3956 afflictae
694 3893 744 3958 dio
769 3901 917 3980 protinus
944 3901 1017 3980 ipse
1041 3903 1146 3962 sorori

235 3983 397 4052 Occurrat
422 3997 531 4055 tecum
559 3995 681 4072 pariter
705 3992 850 4081 fidatque
874 3998 1012 4058 vocanti.
