3056 4758
669 233 910 290 consuimus

244 420 337 486 (inae
364 427 465 487 vitree
492 413 572 487 diris
591 423 683 485 ritae
709 429 840 488 secrete
864 422 1003 510 fatigent

243 519 411 584 Morsibns
438 529 473 585 et
498 540 595 586 caeco
618 519 755 603 perdant
780 521 972 607 praecordia
996 519 1091 600 tabe,

242 617 285 681 Ni
313 639 425 681 manus
452 619 569 682 artifici
593 617 739 682 medicos
766 618 943 702 Epidauria
966 617 1084 704 fruges

241 715 416 799 Temperet
441 722 589 802 ingenio,
617 722 673 778 aut
701 714 845 802 chirurgi
873 715 1009 780 dextera
1034 715 1120 779 docti

242 815 323 879 Tela
350 813 487 877 salutari
510 814 683 877 Dictaoruo
710 813 846 876 infracta
871 811 1003 876 laboret

242 913 367 976 Eruere
394 919 449 976 ant
475 912 599 974 medica
617 915 760 974 riman·
784 909 918 996 cuspide
944 909 1073 974 vulnus.

243 1012 439 1088 Praeterea,
467 1016 502 1072 ut
527 1009 645 1074 redeat
668 1008 770 1092 lapsis
799 1013 851 1071 vis
877 1013 1016 1092 pristina
1040 1009 1213 1091 nuernbris,

242 1107 285 1171 Et
312 1106 402 1169 color
427 1111 458 1168 in
487 1105 608 1171 vuituru
631 1105 727 1190 pniso
754 1105 880 1191 pallore
909 1105 1044 1170 retusus

243 1205 286 1269 Et
311 1203 475 1268 labefacta
499 1203 591 1268 solus
619 1209 748 1287 penitus
776 1204 839 1266 sihi
867 1202 993 1266 reddita
1017 1211 1166 1285 constet,

242 1299 414 1366 Firmanda
441 1310 493 1364 est
519 1307 687 1366 exercitiis
711 1298 972 1384 modemndaque
998 1306 1105 1384 victu,

242 1398 427 1482 Relliquiae
452 1398 555 1463 donec
581 1399 681 1462 morbi
709 1397 894 1462 insidiantis
919 1405 955 1462 et
973 1403 1086 1462 curnis

161 1503 164 1506 '
242 1495 400 1560 Funditus
426 1495 580 1561 incolumi
607 1497 743 1560 excedat
768 1495 807 1559 de
833 1515 973 1579 corpore
998 1499 1114 1578 pestis.

243 1593 328 1658 ssuid
355 1602 463 1657 tannen
491 1599 643 1658 emissam
671 1595 723 1658 bis
748 1599 798 1656 ter
823 1613 978 1676 reparare
1005 1591 1147 1658 salutem

242 1692 426 1771 Profuerit,
453 1691 580 1776 quando
606 1696 729 1755 incerto
757 1695 943 1754 certissima
966 1689 1036 1755 fato

243 1788 358 1853 Omnia
384 1809 471 1852 mors
498 1794 601 1871 rapiat
626 1787 729 1853 nullis
754 1785 956 1851 medicabilis
982 1787 1110 1868 herbis,

243 1885 286 1949 Ni
313 1907 418 1972 genus
445 1886 617 1950 humanum
643 1891 852 1970 perituraque
878 1884 1174 1972 saeclapropoget
1239 1903 1241 1908 ’

243 1983 422 2048 connubiis
451 2004 592 2068 operans
618 1981 771 2047 foecundi
797 2002 876 2046 curo
898 1981 1072 2066 parentis?

246 2080 319 2146 (duo
346 2082 490 2160 demum,
517 2101 580 2166 qno
607 2082 671 2145 fine
697 2079 925 2164 perennitate
952 2087 1105 2166 nepotum

244 2178 403 2243 Luxuriet
428 2198 535 2241 rerum
558 2187 675 2244 cetura
699 2176 1023 2265 propagine‚'jusrts

244 2276 288 2338 Ni
315 2275 461 2341 sobolem
489 2276 644 2341 effrenem
670 2276 783 2340 vinciis
811 2297 850 2340 ec
875 2275 1007 2362 legibus
1033 2277 1149 2358 ecquis

245 2370 335 2437 Ordo
363 2375 556 2437 coerceret?
578 2391 687 2437 rerum
712 2374 951 2455 pulcherrimus
977 2371 1060 2435 crdo

244 2468 402 2556 lugentes
427 2473 552 2534 animos
580 2467 727 2533 levatio
753 2468 891 2534 sublime
912 2467 1072 2552 jubetque

243 2563 405 2629 Fascibus
433 2570 557 2648 imperti
584 2565 692 2628 claros
717 2564 864 2652 ignobile
890 2564 1011 2652 vulgus
1043 2609 1046 2616 ι
1085 2621 1087 2626 ,

244 2662 278 2726 lu
306 2682 416 2726 mores
442 2682 596 2726 revocure
623 2671 767 2747 patrum,
793 2683 910 2747 parere
935 2670 1067 2746 paratos

244 2759 396 2825 Parcenti
424 2759 573 2825 fraenare
599 2783 715 2842 mauri,
742 2761 901 2826 domitore
928 2759 1107 2844 superbos,
1164 2831 1166 2836 .

246 2857 416 2922 instruere
442 2863 594 2943 ignaros,
620 2865 753 2924 miseris
778 2877 991 2938 succurrere,
1017 2857 1131 2940 lapsos

246 2955 387 3044 Erigere
414 2962 446 3018 et
467 2953 582 3038 justae
607 2961 743 3022 meritos
769 2954 921 3019 damnare
947 2959 1066 3020 securi.

344 3148 406 3212 His
432 3149 514 3213 adeo
539 3151 657 3215 mediis
683 3151 851 3235 perfectae
878 3155 910 3214 in
937 3169 1070 3215 munera
1095 3153 1185 3212 vitae

247 3246 430 3310 Humanum
456 3267 561 3334 genus
588 3253 753 3334 assurgit3
779 3247 831 3311 his
858 3253 997 3332 quisque
1023 3245 1162 3333 fugaces

247 3342 367 3408 Mortis
394 3345 434 3428 ad
461 3345 604 3410 infectae
632 3366 693 3409 non
722 3342 888 3408 exorabile
917 3343 1033 3408 telum·

248 3438 447 3506 Corrtiuuare
473 3441 544 3506 dies
570 3442 681 3507 brevis
708 3445 780 3506 aeri
806 3439 952 3507 lubricos
978 3441 1100 3524 hospes

248 3533 393 3616 Nititur,
421 3548 454 3601 et
482 3547 577 3602 natos
599 3547 749 3606 natorum
775 3558 965 3623 omnemque
990 3545 1141 3621 nepotum

249 3631 465 3717 Progeniem,
491 3655 555 3718 qua
580 3635 648 3700 fota
674 3643 802 3718 sinunt,
830 3635 1011 3719 producere
1036 3639 1151 3700 certat.

249 3727 309 3791 His
336 3732 434 3791 etiam
459 3730 566 3794 mundi
594 3733 740 3797 melioris
767 3739 881 3819 urigo,
908 3737 1011 3796 renati

250 3824 379 3908 Sponsa
402 3825 465 3890 Dei
492 3825 667 3910 divumque
693 3849 814 3914 parens
837 3829 999 3895 foecunda
1021 3829 1137 3913 pudico

249 3922 402 3990 Effuudet
426 3927 554 4010 gremio
581 3932 748 3988 venturam
774 3932 804 3989 ir
832 3925 944 3989 sidera
963 3931 1110 4012 stirpem.
1170 3961 1172 3968 ·
1224 3955 1226 3962 ’

349 4116 493 4201 Spiritus
520 4121 742 4204 omnipotens,
768 4125 823 4204 qoi
849 4124 953 4204 prima
974 4119 1016 4184 ab
1041 4123 1170 4206 origine
1195 4123 1304 4182 terroe
