3056 4758
639 223 881 282 celsissimos

219 414 270 477 'l'u
295 410 481 499 vigilesque
507 417 552 476 tui
580 418 728 500 magicae
755 436 819 498 quo
846 415 965 480 vimine
992 415 1144 499 cyrces?

221 510 325 576 (lueis
353 529 413 576 nee
440 509 557 596 divulsi
585 510 703 595 lapidis
730 517 919 577 vastissima
944 511 1065 595 moles,

220 609 295 673 Nec
319 614 368 673 tot
393 606 537 674 letheum
564 609 654 674 fures
681 631 800 694 rupere
826 611 1007 696 soporem?

319 803 378 868 llis
404 804 461 869 ille
487 810 642 869 incensus
665 805 825 870 stimulis:
852 825 953 892 quos,
982 812 1121 893 optimc,
1149 807 1261 886 fures,

221 903 326 969 (luem
353 903 431 965 mihi
456 911 622 988 torporem
651 903 759 968 verbis
785 909 891 969 iratus
917 909 1038 970 amaris

220 1001 396 1066 lnculcasiJ
425 1021 565 1083 superos
592 1008 699 1064 testor
728 1002 916 1088 Christique
943 1008 1087 1086 potentis

220 1099 375 1182 [Semper
400 1103 465 1160 erit
491 1097 591 1165 Deus
618 1097 674 1161 ille
698 1101 792 1177 mihi]
819 1099 1007 1164 inviolabile
1034 1119 1167 1184 numen,

221 1197 292 1262 Nos
319 1195 406 1260 dulci
433 1204 561 1260 noctem
587 1201 726 1260 invictos
752 1203 895 1262 traxisse
919 1204 1042 1281 sopori.

220 1294 314 1361 ssuod
342 1299 371 1356 si
397 1302 506 1358 tantus
533 1315 623 1358 amor
649 1293 768 1358 claram
795 1315 1001 1383 cognoscere
1027 1301 1114 1378 nepti

220 1393 376 1478 Corporis
404 1393 590 1475 historiam,
617 1390 740 1475 dicam,
769 1391 847 1458 licet
874 1415 963 1457 arma
988 1413 1169 1477 necemque

220 1491 414 1574 oppositam
442 1511 580 1554 ceruam.
632 1490 705 1554 Nec
731 1496 761 1554 vi
789 1511 850 1554 nee
875 1491 990 1556 fraude
1016 1490 1226 1575 sepulchrum

220 1588 397 1652 Effractum
425 1597 493 1670 est,
523 1609 584 1652 neo
610 1587 805 1672 discipulum
832 1595 954 1676 pietate
981 1589 1118 1676 prolana

221 1685 398 1772 Abreptum
426 1687 555 1750 Domini
582 1707 710 1770 corpus.
765 1686 830 1751 Sed
857 1695 953 1752 nocte
978 1688 1093 1774 fugata

221 1783 300 1848 Cum
327 1789 428 1867 primo
455 1784 558 1848 lucem
585 1787 755 1848 inveheret
780 1784 934 1849 Tithonia
961 1807 1074 1866 curru,

220 1883 400 1946 Innumeris
426 1903 579 1968 superum
605 1887 720 1946 turmis
748 1883 992 1965 comitantibus,
1020 1901 1121 1947 aurea

221 1980 373 2044 Christus
398 1979 472 2046 luce
497 1986 636 2062 rnioanS,
663 1985 786 2052 intacto
814 2001 974 2046 ruarmore
1001 1987 1032 2046 in
1058 2001 1155 2045 auras

220 2077 406 2143 Aethereas
432 2079 539 2143 rediit.
591 2078 740 2142 Divisum
767 2079 902 2163 cuspide
930 2088 1046 2162 pectus

220 2174 364 2260 lllaque,
391 2198 476 2261 quae
503 2177 652 2242 manibus
677 2175 882 2262 pedibusque
910 2183 942 2241 in
970 2182 1085 2263 stipite
1111 2177 1187 2240 fixis

220 2274 398 2339 lutulerant
425 2275 507 2339 elavi
532 2275 680 2340 lictorum
708 2274 842 2338 vulnera
869 2275 991 2358 adacti,

219 2371 296 2456 Ipse
323 2378 406 2436 meis
434 2372 537 2436 oeulis
566 2372 638 2435 vidi.
692 2372 774 2436 Dum
800 2380 891 2436 tanta
912 2373 1088 2437 revolvens

219 2469 373 2533 Monstra
400 2479 523 2552 tremo,
551 2490 668 2555 magno
694 2469 795 2534 tellus
821 2469 963 2553 irnpnlsa
987 2471 1123 2558 fragore

219 2565 362 2653 Mugiit,
388 2576 488 2652 atque
515 2564 633 2652 aliquis
660 2565 786 2649 divum,
812 2565 1015 2655 fulgentibus
1048 2567 1111 2632 alis

220 2663 378 2748 inclytus,
398 2657 576 2729 horribilis
602 2664 692 2728 vulto
717 2665 933 2752 flammaeque
960 2685 1121 2734 coruscae

208 2757 364 2850 'Fulgore
389 2770 486 2850 atque
516 2764 668 2829 humeros
695 2764 846 2829 candenti
873 2765 1005 2830 indutus
1031 2769 1166 2841 amictu,

222 2859 270 2926 Ad
298 2861 393 2926 limen
421 2869 565 2947 positum
591 2883 705 2928 sexum
730 2863 864 2926 dimovit
890 2870 925 2928 et
952 2883 1065 2928 ornnes

220 2961 401 3048 ignivomis
428 2959 549 3048 vigiles
576 2959 680 3025 oculis
708 2966 896 3044 perterruit.
949 2963 1071 3026 Omnes

220 3059 399 3142 Praecipiti
424 3079 484 3146 per
508 3067 602 3142 prato
627 3058 707 3145 fuga
732 3055 810 3122 dare
826 3065 934 3146 ,terga
960 3063 1079 3145 coligit.

222 3157 256 3220 Si
284 3155 411 3241 pavidis
439 3156 521 3220 haee
546 3156 624 3222 ficta
649 3163 746 3240 putas
772 3163 807 3218 et
832 3161 940 3220 inania
965 3161 1058 3236 veri,

222 3253 412 3318 incustoditi
439 3253 626 3342 speluncam
652 3258 757 3317 invise
783 3253 970 3338 sepulchri,

221 3350 341 3414 Lustra
368 3352 472 3417 oculis
499 3352 654 3417 tumulum
679 3357 835 3414 intectum
860 3357 1056 3439 signataque
1083 3347 1249 3428 claustra,

220 3447 295 3511 Non
323 3448 406 3511 haec
433 3451 582 3515 humanis
609 3450 746 3535 opibus,
773 3472 835 3516 uon
862 3449 1035 3514 fraudibus
1057 3451 1131 3512 aeta

221 3542 423 3630 Deprendes.
473 3547 543 3612 Vos
570 3553 716 3630 interea,
745 3567 805 3612 vos
831 3547 928 3613 dicite
954 3567 1077 3629 coram,

222 3643 251 3706 0
281 3647 438 3724 comites,
465 3649 520 3730 qui
548 3645 719 3732 discipulis
744 3645 928 3710 furantibus
954 3653 1046 3708 artus

220 3743 380 3828 Fingitis,
408 3742 564 3824 abreptos
592 3743 796 3808 iurentuume
823 3766 881 3807 ore
906 3745 1073 3806 notastis.⁰

221 3840 358 3906 Vidistis
384 3837 495 3905 scelus
522 3843 736 3926 aggressosiJ
762 3840 935 3905 formidine
960 3844 1037 3902 vieti

221 3936 289 4002 Aut
315 3961 447 4004 numero
475 3945 645 4023 oppressi,
671 3942 818 4016 sineri,
847 3941 919 4000 siue
945 3941 1105 4022 serrguine
1133 3953 1254 4018 corpus

221 4035 329 4100 Avelli
356 4036 581 4124 permisistis?
607 4042 657 4100 sin
683 4034 805 4098 lumina
833 4052 947 4100 somno

220 4133 431 4220 'torpuerint,
460 4157 523 4223 qna
547 4133 729 4220 discipulos
756 4138 884 4198 ratione
908 4131 1069 4218 quibusve
