<?xml version="1.0" encoding="UTF-8"?>
<!DOCTYPE html PUBLIC "-//W3C//DTD XHTML 1.0 Transitional//EN"
    "http://www.w3.org/TR/xhtml1/DTD/xhtml1-transitional.dtd">
<html xmlns="http://www.w3.org/1999/xhtml" xml:lang="en" lang="en">
 <head>
  <title>
</title>
<meta http-equiv="Content-Type" content="text/html;charset=utf-8" />
  <meta name='ocr-system' content='tesseract 3.04.00' />
  <meta name='ocr-capabilities' content='ocr_page ocr_carea ocr_par ocr_line ocrx_word'/>
</head>
<body>
  <div class='ocr_page' id='page_1' title='image "./christiadoslibr00waltgoog_0220.png"; bbox 0 0 3082 4746; ppageno 0'>
   <div class='ocr_carea' id='block_1_1' title="bbox 128 225 843 288">
    <p class='ocr_par' dir='ltr' id='par_1_1' title="bbox 128 225 843 288">
     <span class='ocr_line' id='line_1_1' title="bbox 128 225 843 288; baseline -0.013 -1"><span class='ocrx_word' id='word_1_1' title='bbox 128 231 264 288; x_wconf 66' lang='lat' dir='ltr'><strong>ffl-I‘dt</strong></span> <span class='ocrx_word' id='word_1_2' title='bbox 665 225 774 280; x_wconf 71' lang='lat' dir='ltr'><strong>LIBER</strong></span> <span class='ocrx_word' id='word_1_3' title='bbox 795 225 843 278; x_wconf 79' lang='lat' dir='ltr'><strong>IX.</strong></span> 
     </span>
    </p>
   </div>
   <div class='ocr_carea' id='block_1_2' title="bbox 205 409 1311 3132">
    <p class='ocr_par' dir='ltr' id='par_1_2' title="bbox 213 409 1290 597">
     <span class='ocr_line' id='line_1_2' title="bbox 214 409 1290 500; baseline 0.003 -23"><span class='ocrx_word' id='word_1_4' title='bbox 214 409 399 477; x_wconf 85' lang='lat' dir='ltr'><strong>Thariadae</strong></span> <span class='ocrx_word' id='word_1_5' title='bbox 425 409 526 474; x_wconf 88' lang='lat' dir='ltr'><strong>decus</strong></span> <span class='ocrx_word' id='word_1_6' title='bbox 551 414 723 498; x_wconf 78' lang='lat' dir='ltr'><strong>egregium</strong></span> <span class='ocrx_word' id='word_1_7' title='bbox 750 419 786 476; x_wconf 90' lang='lat' dir='ltr'><strong>et</strong></span> <span class='ocrx_word' id='word_1_8' title='bbox 810 431 889 496; x_wconf 89' lang='lat' dir='ltr'><strong>spes</strong></span> <span class='ocrx_word' id='word_1_9' title='bbox 913 415 1169 500; x_wconf 73' lang='lat' dir='ltr'><strong>concentuque,</strong></span> <span class='ocrx_word' id='word_1_10' title='bbox 1218 423 1242 451; x_wconf 65' lang='lat'><strong>²</strong></span> <span class='ocrx_word' id='word_1_11' title='bbox 1285 453 1290 463; x_wconf 90' lang='lat'><em>·</em></span> 
     </span>
     <span class='ocr_line' id='line_1_3' title="bbox 213 509 1016 597; baseline -0.001 -23"><span class='ocrx_word' id='word_1_12' title='bbox 213 509 352 574; x_wconf 78' lang='lat' dir='ltr'><strong>Arboris</strong></span> <span class='ocrx_word' id='word_1_13' title='bbox 378 513 528 589; x_wconf 74' lang='lat' dir='ltr'><strong>excisae,</strong></span> <span class='ocrx_word' id='word_1_14' title='bbox 552 514 639 574; x_wconf 84' lang='lat' dir='ltr'><strong>cervi</strong></span> <span class='ocrx_word' id='word_1_15' title='bbox 666 513 829 595; x_wconf 52' lang='lat' dir='ltr'><strong>omnique</strong></span> <span class='ocrx_word' id='word_1_16' title='bbox 853 515 1016 597; x_wconf 78' lang='lat' dir='ltr'><strong>perempti</strong></span> 
     </span>
    </p>

    <p class='ocr_par' dir='ltr' id='par_1_3' title="bbox 213 605 1233 888">
     <span class='ocr_line' id='line_1_4' title="bbox 213 605 1233 694; baseline 0.003 -23"><span class='ocrx_word' id='word_1_17' title='bbox 213 605 349 692; x_wconf 78' lang='lat' dir='ltr'><strong>Triplici</strong></span> <span class='ocrx_word' id='word_1_18' title='bbox 377 605 672 688; x_wconf 80' lang='lat' dir='ltr'><strong>adumbratussub</strong></span> <span class='ocrx_word' id='word_1_19' title='bbox 697 611 841 694; x_wconf 81' lang='lat' dir='ltr'><strong>imagine</strong></span> <span class='ocrx_word' id='word_1_20' title='bbox 866 607 1079 690; x_wconf 78' lang='lat' dir='ltr'>CHRISTUS,</span> <span class='ocrx_word' id='word_1_21' title='bbox 1105 607 1233 674; x_wconf 83' lang='lat' dir='ltr'><strong>acerbis</strong></span> 
     </span>
     <span class='ocr_line' id='line_1_5' title="bbox 214 702 1070 792; baseline 0.004 -25"><span class='ocrx_word' id='word_1_22' title='bbox 214 705 403 791; x_wconf 78' lang='lat' dir='ltr'><strong>Oppressus</strong></span> <span class='ocrx_word' id='word_1_23' title='bbox 429 709 603 788; x_wconf 80' lang='lat' dir='ltr'><strong>primorum</strong></span> <span class='ocrx_word' id='word_1_24' title='bbox 629 702 732 787; x_wconf 84' lang='lat' dir='ltr'><strong>odiis,</strong></span> <span class='ocrx_word' id='word_1_25' title='bbox 759 705 959 769; x_wconf 84' lang='lat' dir='ltr'><strong>miserebilis</strong></span> <span class='ocrx_word' id='word_1_26' title='bbox 985 711 1070 792; x_wconf 87' lang='lat' dir='ltr'><strong>ipsis</strong></span> 
     </span>
     <span class='ocr_line' id='line_1_6' title="bbox 214 800 1056 888; baseline 0.001 -22"><span class='ocrx_word' id='word_1_27' title='bbox 214 801 392 883; x_wconf 82' lang='lat' dir='ltr'>Hostibus,</span> <span class='ocrx_word' id='word_1_28' title='bbox 417 807 509 866; x_wconf 86' lang='lat' dir='ltr'><strong>inviti</strong></span> <span class='ocrx_word' id='word_1_29' title='bbox 535 808 601 866; x_wconf 87' lang='lat' dir='ltr'><strong>stat</strong></span> <span class='ocrx_word' id='word_1_30' title='bbox 626 800 779 888; x_wconf 79' lang='lat' dir='ltr'><strong>conjugis</strong></span> <span class='ocrx_word' id='word_1_31' title='bbox 804 809 881 867; x_wconf 90' lang='lat' dir='ltr'><strong>ante</strong></span> <span class='ocrx_word' id='word_1_32' title='bbox 906 802 1056 867; x_wconf 88' lang='lat' dir='ltr'><strong>tribuual.</strong></span> 
     </span>
    </p>

    <p class='ocr_par' dir='ltr' id='par_1_4' title="bbox 212 898 1061 987">
     <span class='ocr_line' id='line_1_7' title="bbox 212 898 1061 987; baseline 0 -23"><span class='ocrx_word' id='word_1_33' title='bbox 212 898 316 982; x_wconf 82' lang='lat' dir='ltr'><strong>Hujus</strong></span> <span class='ocrx_word' id='word_1_34' title='bbox 343 903 373 962; x_wconf 92' lang='lat' dir='ltr'><strong>in</strong></span> <span class='ocrx_word' id='word_1_35' title='bbox 400 905 536 965; x_wconf 81' lang='lat' dir='ltr'><strong>exitium</strong></span> <span class='ocrx_word' id='word_1_36' title='bbox 561 906 630 964; x_wconf 86' lang='lat' dir='ltr'><strong>toto</strong></span> <span class='ocrx_word' id='word_1_37' title='bbox 661 921 745 987; x_wconf 80' lang='lat' dir='ltr'><strong>geris</strong></span> <span class='ocrx_word' id='word_1_38' title='bbox 771 900 850 964; x_wconf 89' lang='lat' dir='ltr'><strong>orbe</strong></span> <span class='ocrx_word' id='word_1_39' title='bbox 880 908 1024 964; x_wconf 53' lang='lat' dir='ltr'><strong>coacta*-</strong></span> <span class='ocrx_word' id='word_1_40' title='bbox 1060 899 1061 902; x_wconf 64' lang='grc'>’</span> 
     </span>
    </p>

    <p class='ocr_par' dir='ltr' id='par_1_5' title="bbox 209 995 1094 1180">
     <span class='ocr_line' id='line_1_8' title="bbox 211 995 1094 1082; baseline -0.003 -21"><span class='ocrx_word' id='word_1_41' title='bbox 211 995 377 1079; x_wconf 76' lang='lat' dir='ltr'><strong>conjurat.</strong></span> <span class='ocrx_word' id='word_1_42' title='bbox 428 997 534 1062; x_wconf 83' lang='lat' dir='ltr'><strong>Notat</strong></span> <span class='ocrx_word' id='word_1_43' title='bbox 553 995 676 1082; x_wconf 83' lang='lat' dir='ltr'><strong>judex,</strong></span> <span class='ocrx_word' id='word_1_44' title='bbox 701 996 882 1081; x_wconf 79' lang='lat' dir='ltr'><strong>populique</strong></span> <span class='ocrx_word' id='word_1_45' title='bbox 908 997 1062 1064; x_wconf 64' lang='lat' dir='ltr'><strong>furorem,</strong></span> <span class='ocrx_word' id='word_1_46' title='bbox 1091 1051 1094 1058; x_wconf 29' lang='lat'><strong>⁴</strong></span> 
     </span>
     <span class='ocr_line' id='line_1_9' title="bbox 209 1091 1032 1180; baseline 0.004 -21"><span class='ocrx_word' id='word_1_47' title='bbox 209 1094 512 1180; x_wconf 76' lang='lat' dir='ltr'><strong>virtutemque-rei</strong></span> <span class='ocrx_word' id='word_1_48' title='bbox 537 1114 705 1178; x_wconf 79' lang='lat' dir='ltr'><strong>suspenso</strong></span> <span class='ocrx_word' id='word_1_49' title='bbox 731 1102 866 1180; x_wconf 79' lang='lat' dir='ltr'><strong>pectore</strong></span> <span class='ocrx_word' id='word_1_50' title='bbox 889 1091 1032 1177; x_wconf 78' lang='lat' dir='ltr'><strong>librans,</strong></span> 
     </span>
    </p>

    <p class='ocr_par' dir='ltr' id='par_1_6' title="bbox 209 1191 1096 1373">
     <span class='ocr_line' id='line_1_10' title="bbox 209 1191 1096 1278; baseline 0.003 -20"><span class='ocrx_word' id='word_1_51' title='bbox 209 1192 296 1258; x_wconf 75' lang='lat' dir='ltr'><strong>ssnid</strong></span> <span class='ocrx_word' id='word_1_52' title='bbox 323 1191 595 1278; x_wconf 79' lang='lat' dir='ltr'><strong>iaciat‚-nescit3</strong></span> <span class='ocrx_word' id='word_1_53' title='bbox 618 1192 724 1278; x_wconf 90' lang='lat' dir='ltr'><strong>pudor</strong></span> <span class='ocrx_word' id='word_1_54' title='bbox 749 1200 804 1256; x_wconf 90' lang='lat' dir='ltr'><strong>est</strong></span> <span class='ocrx_word' id='word_1_55' title='bbox 830 1199 952 1259; x_wconf 87' lang='lat' dir='ltr'><strong>satiare</strong></span> <span class='ocrx_word' id='word_1_56' title='bbox 979 1213 1096 1260; x_wconf 87' lang='lat' dir='ltr'><strong>cruore</strong></span> 
     </span>
     <span class='ocr_line' id='line_1_11' title="bbox 209 1289 990 1373; baseline -0.001 -18"><span class='ocrx_word' id='word_1_57' title='bbox 209 1291 351 1355; x_wconf 89' lang='lat' dir='ltr'><strong>insontis</strong></span> <span class='ocrx_word' id='word_1_58' title='bbox 378 1290 478 1356; x_wconf 85' lang='lat' dir='ltr'><strong>dunos</strong></span> <span class='ocrx_word' id='word_1_59' title='bbox 505 1296 650 1373; x_wconf 88' lang='lat' dir='ltr'><strong>animos,</strong></span> <span class='ocrx_word' id='word_1_60' title='bbox 676 1295 771 1356; x_wconf 89' lang='lat' dir='ltr'><strong>timet</strong></span> <span class='ocrx_word' id='word_1_61' title='bbox 797 1289 915 1356; x_wconf 88' lang='lat' dir='ltr'><strong>obvius</strong></span> <span class='ocrx_word' id='word_1_62' title='bbox 940 1296 990 1355; x_wconf 90' lang='lat' dir='ltr'><strong>ire</strong></span> 
     </span>
    </p>

    <p class='ocr_par' dir='ltr' id='par_1_7' title="bbox 208 1387 1152 1474">
     <span class='ocr_line' id='line_1_12' title="bbox 208 1387 1152 1474; baseline -0.001 -21"><span class='ocrx_word' id='word_1_63' title='bbox 208 1387 354 1453; x_wconf 83' lang='lat' dir='ltr'><strong>infandis</strong></span> <span class='ocrx_word' id='word_1_64' title='bbox 380 1409 552 1474; x_wconf 87' lang='lat' dir='ltr'><strong>procerum</strong></span> <span class='ocrx_word' id='word_1_65' title='bbox 574 1389 763 1454; x_wconf 61' lang='lat' dir='ltr'><strong>conatibus„</strong></span> <span class='ocrx_word' id='word_1_66' title='bbox 805 1387 867 1452; x_wconf 89' lang='lat' dir='ltr'><strong>Hei</strong></span> <span class='ocrx_word' id='word_1_67' title='bbox 892 1388 995 1470; x_wconf 63' lang='lat' dir='ltr'><strong>mibi,</strong></span> <span class='ocrx_word' id='word_1_68' title='bbox 1018 1393 1152 1454; x_wconf 87' lang='lat' dir='ltr'><strong>vincent</strong></span> 
     </span>
    </p>

    <p class='ocr_par' dir='ltr' id='par_1_8' title="bbox 208 1483 1073 1573">
     <span class='ocr_line' id='line_1_13' title="bbox 208 1483 1073 1573; baseline 0.001 -23"><span class='ocrx_word' id='word_1_69' title='bbox 208 1485 243 1550; x_wconf 95' lang='lat' dir='ltr'><strong>ln</strong></span> <span class='ocrx_word' id='word_1_70' title='bbox 269 1491 381 1552; x_wconf 87' lang='lat' dir='ltr'><strong>vitium</strong></span> <span class='ocrx_word' id='word_1_71' title='bbox 407 1487 496 1553; x_wconf 87' lang='lat' dir='ltr'><strong>ilecti</strong></span> <span class='ocrx_word' id='word_1_72' title='bbox 521 1483 670 1568; x_wconf 84' lang='lat' dir='ltr'><strong>facilem,</strong></span> <span class='ocrx_word' id='word_1_73' title='bbox 696 1494 775 1550; x_wconf 87' lang='lat' dir='ltr'><strong>vota</strong></span> <span class='ocrx_word' id='word_1_74' title='bbox 793 1489 900 1573; x_wconf 86' lang='lat' dir='ltr'><strong>impia</strong></span> <span class='ocrx_word' id='word_1_75' title='bbox 921 1488 1073 1551; x_wconf 85' lang='lat' dir='ltr'><strong>vincent!</strong></span> 
     </span>
    </p>

    <p class='ocr_par' dir='ltr' id='par_1_9' title="bbox 207 1581 1259 2058">
     <span class='ocr_line' id='line_1_14' title="bbox 208 1581 1259 1670; baseline 0 -21"><span class='ocrx_word' id='word_1_76' title='bbox 208 1585 259 1649; x_wconf 88' lang='lat' dir='ltr'><strong>Tu</strong></span> <span class='ocrx_word' id='word_1_77' title='bbox 286 1591 394 1648; x_wconf 89' lang='lat' dir='ltr'><strong>tamen</strong></span> <span class='ocrx_word' id='word_1_78' title='bbox 421 1591 496 1650; x_wconf 86' lang='lat' dir='ltr'><strong>aute</strong></span> <span class='ocrx_word' id='word_1_79' title='bbox 522 1583 615 1649; x_wconf 84' lang='lat' dir='ltr'><strong>nelos</strong></span> <span class='ocrx_word' id='word_1_80' title='bbox 650 1589 695 1664; x_wconf 78' lang='lat' dir='ltr'><strong>(si</strong></span> <span class='ocrx_word' id='word_1_81' title='bbox 721 1591 865 1667; x_wconf 81' lang='lat' dir='ltr'><strong>quaest</strong></span> <span class='ocrx_word' id='word_1_82' title='bbox 890 1584 960 1666; x_wconf 79' lang='lat' dir='ltr'><strong>via)</strong></span> <span class='ocrx_word' id='word_1_83' title='bbox 988 1581 1126 1648; x_wconf 87' lang='lat' dir='ltr'><strong>consule</strong></span> <span class='ocrx_word' id='word_1_84' title='bbox 1150 1589 1259 1670; x_wconf 78' lang='lat' dir='ltr'><strong>genti,</strong></span> 
     </span>
     <span class='ocr_line' id='line_1_15' title="bbox 208 1679 1230 1764; baseline -0.002 -16"><span class='ocrx_word' id='word_1_85' title='bbox 208 1681 352 1748; x_wconf 79' lang='lat' dir='ltr'><strong>Consule</strong></span> <span class='ocrx_word' id='word_1_86' title='bbox 378 1682 614 1764; x_wconf 81' lang='lat' dir='ltr'><strong>Proclaviro,</strong></span> <span class='ocrx_word' id='word_1_87' title='bbox 639 1683 696 1748; x_wconf 90' lang='lat' dir='ltr'><strong>tibi</strong></span> <span class='ocrx_word' id='word_1_88' title='bbox 726 1679 880 1760; x_wconf 80' lang='lat' dir='ltr'><strong>consule,</strong></span> <span class='ocrx_word' id='word_1_89' title='bbox 908 1680 1004 1746; x_wconf 82' lang='lat' dir='ltr'><strong>flecte</strong></span> <span class='ocrx_word' id='word_1_90' title='bbox 1031 1680 1197 1746; x_wconf 85' lang='lat' dir='ltr'><strong>labantem</strong></span> <span class='ocrx_word' id='word_1_91' title='bbox 1228 1715 1230 1722; x_wconf 95' lang='lat'>·</span> 
     </span>
     <span class='ocr_line' id='line_1_16' title="bbox 208 1775 1092 1865; baseline -0.005 -19"><span class='ocrx_word' id='word_1_92' title='bbox 208 1779 361 1846; x_wconf 80' lang='lat' dir='ltr'><strong>Caesaris</strong></span> <span class='ocrx_word' id='word_1_93' title='bbox 389 1779 430 1845; x_wconf 83' lang='lat' dir='ltr'><strong>nd</strong></span> <span class='ocrx_word' id='word_1_94' title='bbox 455 1799 577 1846; x_wconf 88' lang='lat' dir='ltr'><strong>nomen</strong></span> <span class='ocrx_word' id='word_1_95' title='bbox 598 1780 783 1864; x_wconf 88' lang='lat' dir='ltr'><strong>scelerique</strong></span> <span class='ocrx_word' id='word_1_96' title='bbox 810 1785 930 1865; x_wconf 86' lang='lat' dir='ltr'><strong>parata.</strong></span> <span class='ocrx_word' id='word_1_97' title='bbox 954 1775 1092 1844; x_wconf 79' lang='lat' dir='ltr'><strong>nefando</strong></span> 
     </span>
     <span class='ocr_line' id='line_1_17' title="bbox 207 1874 1147 1964; baseline -0.002 -22"><span class='ocrx_word' id='word_1_98' title='bbox 207 1876 378 1962; x_wconf 79' lang='lat' dir='ltr'><strong>Supplicia</strong></span> <span class='ocrx_word' id='word_1_99' title='bbox 402 1878 616 1964; x_wconf 87' lang='lat' dir='ltr'><strong>ultricemque</strong></span> <span class='ocrx_word' id='word_1_100' title='bbox 642 1882 766 1944; x_wconf 88' lang='lat' dir='ltr'><strong>aeterni</strong></span> <span class='ocrx_word' id='word_1_101' title='bbox 787 1874 914 1959; x_wconf 82' lang='lat' dir='ltr'><strong>judicis</strong></span> <span class='ocrx_word' id='word_1_102' title='bbox 934 1897 1050 1943; x_wconf 86' lang='lat' dir='ltr'><strong>urnam</strong></span> <span class='ocrx_word' id='word_1_103' title='bbox 1143 1933 1147 1940; x_wconf 87' lang='lat'><em>.</em></span> 
     </span>
     <span class='ocr_line' id='line_1_18' title="bbox 207 1973 997 2058; baseline -0.004 -19"><span class='ocrx_word' id='word_1_104' title='bbox 207 1973 323 2057; x_wconf 85' lang='lat' dir='ltr'><strong>Objice</strong></span> <span class='ocrx_word' id='word_1_105' title='bbox 344 1995 462 2040; x_wconf 86' lang='lat' dir='ltr'><strong>securo</strong></span> <span class='ocrx_word' id='word_1_106' title='bbox 487 1995 643 2058; x_wconf 86' lang='lat' dir='ltr'><strong>superum</strong></span> <span class='ocrx_word' id='word_1_107' title='bbox 668 1974 842 2058; x_wconf 86' lang='lat' dir='ltr'><strong>solumque</strong></span> <span class='ocrx_word' id='word_1_108' title='bbox 867 1977 997 2038; x_wconf 87' lang='lat' dir='ltr'><strong>timenti</strong></span> 
     </span>
    </p>

    <p class='ocr_par' dir='ltr' id='par_1_10' title="bbox 208 2069 1194 2254">
     <span class='ocr_line' id='line_1_19' title="bbox 209 2069 1194 2153; baseline -0.003 -18"><span class='ocrx_word' id='word_1_109' title='bbox 209 2070 365 2135; x_wconf 82' lang='lat' dir='ltr'><strong>Caesaris</strong></span> <span class='ocrx_word' id='word_1_110' title='bbox 387 2072 568 2134; x_wconf 79' lang='lat' dir='ltr'><strong>arbitrium.</strong></span> <span class='ocrx_word' id='word_1_111' title='bbox 619 2069 715 2136; x_wconf 72' lang='lat' dir='ltr'><strong>lluod</strong></span> <span class='ocrx_word' id='word_1_112' title='bbox 742 2076 770 2134; x_wconf 89' lang='lat' dir='ltr'><strong>si</strong></span> <span class='ocrx_word' id='word_1_113' title='bbox 793 2075 1001 2153; x_wconf 85' lang='lat' dir='ltr'><strong>monitusque</strong></span> <span class='ocrx_word' id='word_1_114' title='bbox 1026 2075 1194 2151; x_wconf 88' lang='lat' dir='ltr'><strong>minasque</strong></span> 
     </span>
     <span class='ocr_line' id='line_1_20' title="bbox 208 2165 1048 2254; baseline -0.002 -22"><span class='ocrx_word' id='word_1_115' title='bbox 208 2165 350 2254; x_wconf 82' lang='lat' dir='ltr'><strong>Spernat</strong></span> <span class='ocrx_word' id='word_1_116' title='bbox 375 2174 410 2231; x_wconf 89' lang='lat' dir='ltr'><strong>et</strong></span> <span class='ocrx_word' id='word_1_117' title='bbox 433 2171 553 2231; x_wconf 75' lang='lat' dir='ltr'><strong>insano</strong></span> <span class='ocrx_word' id='word_1_118' title='bbox 574 2175 690 2251; x_wconf 88' lang='lat' dir='ltr'><strong>raptus</strong></span> <span class='ocrx_word' id='word_1_119' title='bbox 713 2175 842 2232; x_wconf 87' lang='lat' dir='ltr'><strong>terrore</strong></span> <span class='ocrx_word' id='word_1_120' title='bbox 868 2167 1048 2231; x_wconf 47' lang='lat' dir='ltr'><strong>latronem*</strong></span> 
     </span>
    </p>

    <p class='ocr_par' dir='ltr' id='par_1_11' title="bbox 205 2263 1311 3132">
     <span class='ocr_line' id='line_1_21' title="bbox 208 2263 1116 2352; baseline -0.006 -22"><span class='ocrx_word' id='word_1_121' title='bbox 208 2263 324 2330; x_wconf 82' lang='lat' dir='ltr'><strong>Solvet</strong></span> <span class='ocrx_word' id='word_1_122' title='bbox 343 2271 377 2328; x_wconf 89' lang='lat' dir='ltr'><strong>et</strong></span> <span class='ocrx_word' id='word_1_123' title='bbox 402 2265 512 2330; x_wconf 85' lang='lat' dir='ltr'><strong>infami</strong></span> <span class='ocrx_word' id='word_1_124' title='bbox 535 2263 673 2352; x_wconf 82' lang='lat' dir='ltr'><strong>suffigat</strong></span> <span class='ocrx_word' id='word_1_125' title='bbox 696 2269 812 2350; x_wconf 80' lang='lat' dir='ltr'><strong>stipite</strong></span> <span class='ocrx_word' id='word_1_126' title='bbox 837 2264 1065 2332; x_wconf 75' lang='lat' dir='ltr'>CHRISTUM:</span> <span class='ocrx_word' id='word_1_127' title='bbox 1113 2293 1116 2301; x_wconf 36' lang='grc' dir='ltr'>ν</span> 
     </span>
     <span class='ocr_line' id='line_1_22' title="bbox 207 2361 1115 2447; baseline -0.008 -20"><span class='ocrx_word' id='word_1_128' title='bbox 207 2362 359 2427; x_wconf 81' lang='lat' dir='ltr'><strong>Caesaris</strong></span> <span class='ocrx_word' id='word_1_129' title='bbox 387 2361 506 2426; x_wconf 82' lang='lat' dir='ltr'><strong>infensi</strong></span> <span class='ocrx_word' id='word_1_130' title='bbox 533 2367 670 2446; x_wconf 87' lang='lat' dir='ltr'><strong>imperio</strong></span> <span class='ocrx_word' id='word_1_131' title='bbox 697 2367 919 2447; x_wconf 81' lang='lat' dir='ltr'><strong>proscriptus,</strong></span> <span class='ocrx_word' id='word_1_132' title='bbox 942 2366 974 2424; x_wconf 91' lang='lat' dir='ltr'><strong>in</strong></span> <span class='ocrx_word' id='word_1_133' title='bbox 1003 2378 1115 2424; x_wconf 91' lang='lat' dir='ltr'><strong>omnes</strong></span> 
     </span>
     <span class='ocr_line' id='line_1_23' title="bbox 206 2458 1175 2545; baseline -0.001 -22"><span class='ocrx_word' id='word_1_134' title='bbox 206 2459 386 2545; x_wconf 87' lang='lat' dir='ltr'><strong>Expositos</strong></span> <span class='ocrx_word' id='word_1_135' title='bbox 410 2458 573 2525; x_wconf 88' lang='lat' dir='ltr'><strong>Nemesis</strong></span> <span class='ocrx_word' id='word_1_136' title='bbox 594 2459 717 2544; x_wconf 80' lang='lat' dir='ltr'><strong>farios,</strong></span> <span class='ocrx_word' id='word_1_137' title='bbox 745 2459 912 2525; x_wconf 87' lang='lat' dir='ltr'><strong>incumbet</strong></span> <span class='ocrx_word' id='word_1_138' title='bbox 936 2463 968 2522; x_wconf 93' lang='lat' dir='ltr'><strong>in</strong></span> <span class='ocrx_word' id='word_1_139' title='bbox 997 2473 1111 2522; x_wconf 83' lang='lat' dir='ltr'><strong>ensem</strong></span> <span class='ocrx_word' id='word_1_140' title='bbox 1172 2487 1175 2496; x_wconf 74' lang='lat'><em>=</em></span> 
     </span>
     <span class='ocr_line' id='line_1_24' title="bbox 206 2555 1311 2643; baseline -0.001 -23"><span class='ocrx_word' id='word_1_141' title='bbox 206 2556 282 2640; x_wconf 90' lang='lat' dir='ltr'><strong>lpse</strong></span> <span class='ocrx_word' id='word_1_142' title='bbox 308 2577 420 2640; x_wconf 90' lang='lat' dir='ltr'><strong>suum,</strong></span> <span class='ocrx_word' id='word_1_143' title='bbox 445 2561 654 2642; x_wconf 81' lang='lat' dir='ltr'><strong>miseraeque</strong></span> <span class='ocrx_word' id='word_1_144' title='bbox 677 2555 983 2643; x_wconf 82' lang='lat' dir='ltr'><strong>abrumpettaedia</strong></span> <span class='ocrx_word' id='word_1_145' title='bbox 1008 2559 1108 2620; x_wconf 79' lang='lat' dir='ltr'><strong>vitoe</strong></span> <span class='ocrx_word' id='word_1_146' title='bbox 1216 2606 1219 2618; x_wconf 94' lang='lat'>.</span> <span class='ocrx_word' id='word_1_147' title='bbox 1307 2559 1311 2567; x_wconf 88' lang='grc'><em>“</em></span> 
     </span>
     <span class='ocr_line' id='line_1_25' title="bbox 206 2647 1103 2741; baseline 0 -25"><span class='ocrx_word' id='word_1_148' title='bbox 206 2652 257 2718; x_wconf 91' lang='lat' dir='ltr'><strong>llii</strong></span> <span class='ocrx_word' id='word_1_149' title='bbox 283 2647 407 2736; x_wconf 64' lang='lat' dir='ltr'><strong>etiam</strong></span> <span class='ocrx_word' id='word_1_150' title='bbox 427 2659 520 2738; x_wconf 88' lang='lat' dir='ltr'><strong>queis</strong></span> <span class='ocrx_word' id='word_1_151' title='bbox 546 2661 657 2720; x_wconf 86' lang='lat' dir='ltr'><strong>tantus·</strong></span> <span class='ocrx_word' id='word_1_152' title='bbox 684 2676 780 2720; x_wconf 87' lang='lat' dir='ltr'><strong>amor·</strong></span> <span class='ocrx_word' id='word_1_153' title='bbox 800 2656 968 2741; x_wconf 76' lang='lat' dir='ltr'><strong>suffigere,</strong></span> <span class='ocrx_word' id='word_1_154' title='bbox 988 2661 1103 2719; x_wconf 82' lang='lat' dir='ltr'><strong>trunco</strong></span> 
     </span>
     <span class='ocr_line' id='line_1_26' title="bbox 206 2751 1080 2838; baseline 0 -24"><span class='ocrx_word' id='word_1_155' title='bbox 206 2751 405 2838; x_wconf 83' lang='lat' dir='ltr'><strong>Progeniem</strong></span> <span class='ocrx_word' id='word_1_156' title='bbox 431 2751 514 2816; x_wconf 88' lang='lat' dir='ltr'><strong>coeli</strong></span> <span class='ocrx_word' id='word_1_157' title='bbox 541 2751 682 2814; x_wconf 81' lang='lat' dir='ltr'><strong>bummno</strong></span> <span class='ocrx_word' id='word_1_158' title='bbox 709 2753 771 2815; x_wconf 88' lang='lat' dir='ltr'><strong>sub</strong></span> <span class='ocrx_word' id='word_1_159' title='bbox 796 2772 935 2836; x_wconf 85' lang='lat' dir='ltr'><strong>corpore</strong></span> <span class='ocrx_word' id='word_1_160' title='bbox 960 2758 1080 2814; x_wconf 87' lang='lat' dir='ltr'><strong>terras.</strong></span> 
     </span>
     <span class='ocr_line' id='line_1_27' title="bbox 205 2847 1259 2933; baseline -0.002 -19"><span class='ocrx_word' id='word_1_161' title='bbox 205 2847 434 2932; x_wconf 83' lang='lat' dir='ltr'><strong>Lustrantem,</strong></span> <span class='ocrx_word' id='word_1_162' title='bbox 461 2854 662 2933; x_wconf 82' lang='lat' dir='ltr'><strong>stirpemque</strong></span> <span class='ocrx_word' id='word_1_163' title='bbox 689 2869 781 2913; x_wconf 86' lang='lat' dir='ltr'><strong>suam</strong></span> <span class='ocrx_word' id='word_1_164' title='bbox 805 2854 840 2912; x_wconf 86' lang='lat' dir='ltr'><strong>et</strong></span> <span class='ocrx_word' id='word_1_165' title='bbox 863 2867 971 2932; x_wconf 80' lang='lat' dir='ltr'><strong>genus</strong></span> <span class='ocrx_word' id='word_1_166' title='bbox 991 2865 1084 2910; x_wconf 90' lang='lat' dir='ltr'><strong>omne</strong></span> <span class='ocrx_word' id='word_1_167' title='bbox 1101 2851 1259 2929; x_wconf 60' lang='lat' dir='ltr'><strong>‚neptum</strong></span> 
     </span>
     <span class='ocr_line' id='line_1_28' title="bbox 206 2943 1164 3028; baseline -0.003 -17"><span class='ocrx_word' id='word_1_168' title='bbox 206 2946 309 3013; x_wconf 90' lang='lat' dir='ltr'><strong>Unius</strong></span> <span class='ocrx_word' id='word_1_169' title='bbox 333 2952 364 3012; x_wconf 91' lang='lat' dir='ltr'><strong>in</strong></span> <span class='ocrx_word' id='word_1_170' title='bbox 392 2944 544 3028; x_wconf 90' lang='lat' dir='ltr'><strong>caedem,</strong></span> <span class='ocrx_word' id='word_1_171' title='bbox 571 2969 590 3009; x_wconf 91' lang='lat' dir='ltr'><strong>o</strong></span> <span class='ocrx_word' id='word_1_172' title='bbox 615 2945 736 3026; x_wconf 81' lang='lat' dir='ltr'><strong>furias,</strong></span> <span class='ocrx_word' id='word_1_173' title='bbox 763 2944 952 3028; x_wconf 83' lang='lat' dir='ltr'><strong>impendere</strong></span> <span class='ocrx_word' id='word_1_174' title='bbox 975 2943 1164 3022; x_wconf 63' lang='lat' dir='ltr'><strong>⁴(latusim,</strong></span> 
     </span>
     <span class='ocr_line' id='line_1_29' title="bbox 206 3037 1165 3132; baseline -0.002 -24"><span class='ocrx_word' id='word_1_175' title='bbox 206 3043 279 3110; x_wconf 83' lang='lat' dir='ltr'><strong>ileu</strong></span> <span class='ocrx_word' id='word_1_176' title='bbox 306 3045 426 3132; x_wconf 89' lang='lat' dir='ltr'><strong>quibus</strong></span> <span class='ocrx_word' id='word_1_177' title='bbox 451 3043 637 3128; x_wconf 77' lang='lat' dir='ltr'><strong>expendent</strong></span> <span class='ocrx_word' id='word_1_178' title='bbox 661 3043 773 3110; x_wconf 84' lang='lat' dir='ltr'><strong>scelus</strong></span> <span class='ocrx_word' id='word_1_179' title='bbox 799 3040 1037 3108; x_wconf 81' lang='lat' dir='ltr'><strong>immedicabile</strong></span> <span class='ocrx_word' id='word_1_180' title='bbox 1062 3037 1165 3106; x_wconf 84' lang='lat' dir='ltr'><strong>diris!</strong></span> 
     </span>
    </p>
   </div>
   <div class='ocr_carea' id='block_1_3' title="bbox 206 3236 1273 4202">
    <p class='ocr_par' dir='ltr' id='par_1_12' title="bbox 206 3236 1273 4011">
     <span class='ocr_line' id='line_1_30' title="bbox 304 3236 1273 3324; baseline -0.003 -23"><span class='ocrx_word' id='word_1_181' title='bbox 304 3236 458 3302; x_wconf 79' lang='lat' dir='ltr'><strong>Dixerat:</strong></span> <span class='ocrx_word' id='word_1_182' title='bbox 484 3245 585 3324; x_wconf 87' lang='lat' dir='ltr'><strong>utque</strong></span> <span class='ocrx_word' id='word_1_183' title='bbox 603 3239 687 3304; x_wconf 88' lang='lat' dir='ltr'><strong>fides</strong></span> <span class='ocrx_word' id='word_1_184' title='bbox 707 3245 798 3304; x_wconf 90' lang='lat' dir='ltr'><strong>tanto</strong></span> <span class='ocrx_word' id='word_1_185' title='bbox 823 3241 974 3323; x_wconf 87' lang='lat' dir='ltr'><strong>quaesita</strong></span> <span class='ocrx_word' id='word_1_186' title='bbox 1000 3241 1127 3321; x_wconf 82' lang='lat' dir='ltr'><strong>paratu</strong></span> <span class='ocrx_word' id='word_1_187' title='bbox 1210 3294 1212 3300; x_wconf 83' lang='lat'><em>.</em></span> <span class='ocrx_word' id='word_1_188' title='bbox 1270 3265 1273 3270; x_wconf 95' lang='lat'>·</span> 
     </span>
     <span class='ocr_line' id='line_1_31' title="bbox 206 3334 1114 3422; baseline 0.001 -23"><span class='ocrx_word' id='word_1_189' title='bbox 206 3334 318 3399; x_wconf 86' lang='lat' dir='ltr'><strong>Altius</strong></span> <span class='ocrx_word' id='word_1_190' title='bbox 343 3340 375 3399; x_wconf 90' lang='lat' dir='ltr'><strong>in</strong></span> <span class='ocrx_word' id='word_1_191' title='bbox 401 3335 703 3422; x_wconf 83' lang='lat' dir='ltr'><strong>Proculaepectns</strong></span> <span class='ocrx_word' id='word_1_192' title='bbox 728 3335 962 3416; x_wconf 80' lang='lat' dir='ltr'><strong>descenderet,</strong></span> <span class='ocrx_word' id='word_1_193' title='bbox 989 3351 1114 3400; x_wconf 79' lang='lat' dir='ltr'><strong>omnem</strong></span> 
     </span>
     <span class='ocr_line' id='line_1_32' title="bbox 206 3430 1102 3519; baseline -0.001 -22"><span class='ocrx_word' id='word_1_194' title='bbox 206 3431 350 3497; x_wconf 87' lang='lat' dir='ltr'><strong>Incendit</strong></span> <span class='ocrx_word' id='word_1_195' title='bbox 374 3433 476 3498; x_wconf 88' lang='lat' dir='ltr'><strong>radiis</strong></span> <span class='ocrx_word' id='word_1_196' title='bbox 498 3433 675 3500; x_wconf 80' lang='lat' dir='ltr'><strong>thalamum</strong></span> <span class='ocrx_word' id='word_1_197' title='bbox 701 3455 804 3519; x_wconf 88' lang='lat' dir='ltr'><strong>seque</strong></span> <span class='ocrx_word' id='word_1_198' title='bbox 831 3439 904 3518; x_wconf 90' lang='lat' dir='ltr'><strong>ipse</strong></span> <span class='ocrx_word' id='word_1_199' title='bbox 930 3430 1102 3496; x_wconf 83' lang='lat' dir='ltr'><strong>uidendum</strong></span> 
     </span>
     <span class='ocr_line' id='line_1_33' title="bbox 207 3528 989 3619; baseline -0.003 -25"><span class='ocrx_word' id='word_1_200' title='bbox 207 3529 352 3615; x_wconf 85' lang='lat' dir='ltr'><strong>Obtulit,</strong></span> <span class='ocrx_word' id='word_1_201' title='bbox 378 3536 496 3596; x_wconf 89' lang='lat' dir='ltr'><strong>intuitu</strong></span> <span class='ocrx_word' id='word_1_202' title='bbox 522 3539 663 3616; x_wconf 88' lang='lat' dir='ltr'><strong>quantus</strong></span> <span class='ocrx_word' id='word_1_203' title='bbox 689 3531 869 3619; x_wconf 85' lang='lat' dir='ltr'><strong>qualisque.</strong></span> <span class='ocrx_word' id='word_1_204' title='bbox 886 3528 989 3594; x_wconf 89' lang='lat' dir='ltr'><strong>videri</strong></span> 
     </span>
     <span class='ocr_line' id='line_1_34' title="bbox 206 3627 1088 3715; baseline 0 -23"><span class='ocrx_word' id='word_1_205' title='bbox 206 3627 342 3697; x_wconf 89' lang='lat' dir='ltr'><strong>Mortali</strong></span> <span class='ocrx_word' id='word_1_206' title='bbox 368 3636 516 3712; x_wconf 84' lang='lat' dir='ltr'><strong>poterat,</strong></span> <span class='ocrx_word' id='word_1_207' title='bbox 541 3637 727 3715; x_wconf 86' lang='lat' dir='ltr'><strong>tenuesque</strong></span> <span class='ocrx_word' id='word_1_208' title='bbox 754 3629 900 3694; x_wconf 85' lang='lat' dir='ltr'><strong>abcessit</strong></span> <span class='ocrx_word' id='word_1_209' title='bbox 921 3632 952 3690; x_wconf 90' lang='lat' dir='ltr'><strong>in</strong></span> <span class='ocrx_word' id='word_1_210' title='bbox 978 3647 1088 3692; x_wconf 82' lang='lat' dir='ltr'><strong>aures.</strong></span> 
     </span>
     <span class='ocr_line' id='line_1_35' title="bbox 206 3723 1038 3815; baseline 0 -25"><span class='ocrx_word' id='word_1_211' title='bbox 206 3723 266 3790; x_wconf 92' lang='lat' dir='ltr'><strong>llla</strong></span> <span class='ocrx_word' id='word_1_212' title='bbox 292 3734 400 3791; x_wconf 90' lang='lat' dir='ltr'><strong>autem</strong></span> <span class='ocrx_word' id='word_1_213' title='bbox 425 3725 564 3815; x_wconf 83' lang='lat' dir='ltr'><strong>angelici</strong></span> <span class='ocrx_word' id='word_1_214' title='bbox 589 3726 713 3792; x_wconf 79' lang='lat' dir='ltr'><strong>vultus</strong></span> <span class='ocrx_word' id='word_1_215' title='bbox 727 3745 887 3810; x_wconf 85' lang='lat' dir='ltr'><strong>percussa</strong></span> <span class='ocrx_word' id='word_1_216' title='bbox 912 3724 1038 3792; x_wconf 82' lang='lat' dir='ltr'><strong>deeora</strong></span> 
     </span>
     <span class='ocr_line' id='line_1_36' title="bbox 206 3821 1161 3913; baseline 0.002 -27"><span class='ocrx_word' id='word_1_217' title='bbox 206 3821 405 3906; x_wconf 86' lang='lat' dir='ltr'><strong>Majestate,</strong></span> <span class='ocrx_word' id='word_1_218' title='bbox 432 3845 553 3913; x_wconf 61' lang='lat' dir='ltr'><strong>mares</strong></span> <span class='ocrx_word' id='word_1_219' title='bbox 579 3825 696 3891; x_wconf 89' lang='lat' dir='ltr'><strong>oculos</strong></span> <span class='ocrx_word' id='word_1_220' title='bbox 722 3821 843 3888; x_wconf 88' lang='lat' dir='ltr'><strong>attollit</strong></span> <span class='ocrx_word' id='word_1_221' title='bbox 869 3831 902 3887; x_wconf 88' lang='lat' dir='ltr'><strong>et</strong></span> <span class='ocrx_word' id='word_1_222' title='bbox 927 3828 1035 3910; x_wconf 88' lang='lat' dir='ltr'><strong>ipsum</strong></span> <span class='ocrx_word' id='word_1_223' title='bbox 1158 3865 1161 3870; x_wconf 91' lang='lat'>-</span> 
     </span>
     <span class='ocr_line' id='line_1_37' title="bbox 206 3919 1029 4011; baseline 0.004 -28"><span class='ocrx_word' id='word_1_224' title='bbox 206 3919 355 4006; x_wconf 90' lang='lat' dir='ltr'><strong>Undique</strong></span> <span class='ocrx_word' id='word_1_225' title='bbox 376 3927 542 4011; x_wconf 80' lang='lat' dir='ltr'><strong>vestigat,</strong></span> <span class='ocrx_word' id='word_1_226' title='bbox 565 3928 748 4008; x_wconf 84' lang='lat' dir='ltr'><strong>somnique-</strong></span> <span class='ocrx_word' id='word_1_227' title='bbox 762 3919 866 3986; x_wconf 88' lang='lat' dir='ltr'><strong>oblita</strong></span> <span class='ocrx_word' id='word_1_228' title='bbox 891 3926 1029 4007; x_wconf 88' lang='lat' dir='ltr'><strong>virique.</strong></span> 
     </span>
    </p>

    <p class='ocr_par' dir='ltr' id='par_1_13' title="bbox 207 4014 1147 4202">
     <span class='ocr_line' id='line_1_38' title="bbox 207 4014 1147 4108; baseline 0.001 -27"><span class='ocrx_word' id='word_1_229' title='bbox 207 4014 289 4084; x_wconf 85' lang='lat' dir='ltr'><strong>Mox</strong></span> <span class='ocrx_word' id='word_1_230' title='bbox 312 4018 407 4086; x_wconf 89' lang='lat' dir='ltr'><strong>aliam</strong></span> <span class='ocrx_word' id='word_1_231' title='bbox 432 4043 451 4086; x_wconf 87' lang='lat' dir='ltr'><strong>e</strong></span> <span class='ocrx_word' id='word_1_232' title='bbox 477 4020 625 4108; x_wconf 82' lang='lat' dir='ltr'><strong>speculis</strong></span> <span class='ocrx_word' id='word_1_233' title='bbox 651 4021 758 4086; x_wconf 81' lang='lat' dir='ltr'><strong>lueem</strong></span> <span class='ocrx_word' id='word_1_234' title='bbox 781 4019 967 4088; x_wconf 81' lang='lat' dir='ltr'><strong>clarescere</strong></span> <span class='ocrx_word' id='word_1_235' title='bbox 991 4035 1147 4096; x_wconf 84' lang='lat' dir='ltr'><strong>cernens,</strong></span> 
     </span>
     <span class='ocr_line' id='line_1_39' title="bbox 208 4113 1131 4202; baseline -0.001 -23"><span class='ocrx_word' id='word_1_236' title='bbox 208 4113 250 4182; x_wconf 83' lang='lat' dir='ltr'><strong>Et</strong></span> <span class='ocrx_word' id='word_1_237' title='bbox 275 4121 375 4182; x_wconf 86' lang='lat' dir='ltr'><strong>tacito</strong></span> <span class='ocrx_word' id='word_1_238' title='bbox 401 4123 529 4186; x_wconf 87' lang='lat' dir='ltr'><strong>tristem</strong></span> <span class='ocrx_word' id='word_1_239' title='bbox 555 4117 693 4184; x_wconf 82' lang='lat' dir='ltr'><strong>volvens</strong></span> <span class='ocrx_word' id='word_1_240' title='bbox 719 4117 781 4184; x_wconf 87' lang='lat' dir='ltr'><strong>sub</strong></span> <span class='ocrx_word' id='word_1_241' title='bbox 805 4124 940 4202; x_wconf 89' lang='lat' dir='ltr'><strong>pectore</strong></span> <span class='ocrx_word' id='word_1_242' title='bbox 965 4121 1131 4196; x_wconf 85' lang='lat' dir='ltr'><strong>somnum,</strong></span> 
     </span>
    </p>
   </div>
   <div class='ocr_carea' id='block_1_4' title="bbox 0 0 1546 4746">
    <p class='ocr_par' dir='ltr' id='par_1_14' title="bbox 0 0 1546 4746">
     <span class='ocr_line' id='line_1_40' title="bbox 0 0 1546 4746; baseline 0 2"><span class='ocrx_word' id='word_1_243' title='bbox 0 0 1546 4746; x_wconf 95' lang='lat' dir='ltr'><strong> </strong></span> 
     </span>
    </p>
   </div>
  </div>
 </body>
</html>
