3082 4748
641 167 884 222 cumsuttnos
1262 173 1403 230 aaa—m
1521 205 1522 276 p

219 355 391 422 Maternus
417 353 525 420 elaris·
541 351 711 440 vagitibus
736 351 865 437 impulit
889 371 1005 438 aures,
1178 421 1181 426 ,

219 455 324 520 Onam
353 452 475 516 Natum
501 456 607 516 sensit
631 457 683 515 tar
705 449 816 516 fausta
842 469 1018 537 puerpera
1069 448 1208 536 Nesei¹
1283 483 1286 492 ·

219 553 285 618 Oui
311 549 431 632 voluit,
459 556 571 635 potuit
594 548 746 614 nascendi
774 548 954 634 infringere
980 546 1087 634 leges.
1126 579 1129 587 ν
1203 571 1207 580 ·

217 649 290 714 Nec
316 653 431 712 mirum
456 645 575 712 illaesa
600 651 630 710 in
656 644 763 712 lucem
789 651 819 710 sl
846 645 986 728 prodeat
1011 644 1106 730 alvo,

218 747 323 812 Onam
349 744 438 810 nullo
465 742 595 810 humani
621 747 754 828 genitus
771 748 812 807 „vi
840 747 992 826 neminis,
1019 743 1143 833 hospes
1252 779 1257 810 s

216 843 509 928 impr-ovtsnsinit
533 881 540 892 x
562 839 618 905 Sic
641 839 759 904 florum
785 839 893 926 gloria
918 859 1088 936 amoenum

216 941 342 1004 Intacta
368 943 471 1024 spirat
496 938 648 1004 loliorum
663 951 820 1024 ‘purpura
845 935 995 1004 odorem:

216 1038 273 1102 Sic
298 1037 496 1123 pelluoentis
525 1033 672 1120 crystalli
699 1033 827 1102 lucidus
852 1035 945 1101 orbis
1050 1068 1053 1076 ¹
1137 1069 1140 1076 .

215 1135 390 1219 Accipiens
418 1132 546 1198 Phoebi
570 1131 697 1214 radios,
724 1137 855 1198 innoxia
881 1132 973 1214 tela,

216 1231 336 1296 Sidera
361 1253 423 1294 non
449 1246 513 1296 sua
537 1235 742 1312 transmittit,
768 1249 832 1296 sna
856 1228 986 1317 frigora
1011 1238 1131 1296 servat.

317 1423 391 1488 Non
421 1444 504 1508 opus
530 1424 690 1492 humtuae
718 1430 772 1490 est
797 1423 908 1490 verbis
934 1421 1178 1512 comprendere
1194 1429 1274 1489 tanti

214 1521 302 1588 Mira
327 1526 512 1606 puerperii3
538 1530 600 1588 aut.
619 1520 873 1608 felicisgaudia
898 1519 1019 1590 Matris

214 1620 604 1704 Exprimereprnactnn
632 1641 703 1684 oum
729 1619 990 1686 formosissimus
1015 1619 1134 1684 intans.
1195 1671 1198 1678 .
1266 1679 1268 1686 .

214 1717 401 1782 Desereret
425 1715 535 1782 furtim
561 1716 758 1782 thalamum:
786 1719 864 1791 (ceu
889 1735 974 1781 vere·
994 1719 1135 1782 comanti
1239 1731 1244 1738 ·

214 1813 344 1878 Exudat
368 1818 559 1878 matutinum
583 1813 740 1880 Tithonia
765 1817 889 1888 rorem)
965 1832 969 1844 ⁴
1001 1847 1003 1852 v

216 1913 296 1976 Cum
322 1909 583 1998 genitrix=dulei
604 1908 797 1996 praecordia
823 1927 934 1978 eruore
960 1903 1184 1994 liquesceus‚·.
1230 1995 1233 2002 Ι
1298 1919 1301 1926 ’

215 2010 381 2096 Virgineis
408 2009 711 2090 annumerans,
738 2007 911 2091 calidoque
938 2005 1067 2075 foverat
1115 2048 1120 2072 ι
1182 2045 1196 2074 2
1235 2023 1264 2076 ·,
1293 2021 1310 2032 ··

214 2106 318 2190 Laeta
343 2112 418 2172 sinu
443 2105 810 2192 nitidisqueiufigeret
829 2104 946 2174 oscula
971 2103 1086 2176 lubria¹
1171 2137 1191 2172 ·-.
1221 2137 1235 2164 .·
1302 2115 1307 2129 “

215 2204 340 2271 Oscula
362 2204 472 2269 Divini
497 2210 658 2289 spirantia
684 2209 826 2269 nectaris
852 2203 995 2269 imbres!
1027 2219 1049 2242 ··
1085 2219 1089 2226 ’

215 2301 339 2366 Oscula
364 2321 424 2386 per
448 2310 560 2366 castae
584 2306 761 2384 purissima
787 2299 879 2366 labra
897 2302 1068 2381 parentis,
1130 2317 1134 2340 ‘-
1224 2335 1227 2342 ·
1254 2342 1258 2350 .

216 2397 341 2461 Oscula
362 2397 471 2460 Divini
498 2393 817 2480 pet'tloridalabra
843 2392 971 2475 Puelli,
1072 2437 1082 2442 ψ
1132 2435 1135 2444 2
1176 2434 1179 2442 ·
1219 2407 1222 2414 ’
1289 2421 1292 2428 ’

214 2493 361 2558 Aeterno
387 2497 522 2558 aeterni
540 2512 626 2558 nexu
651 2496 850 2576 stringentia
876 2493 1000 2559 amoris
1047 2538 1050 2547 ·

214 2591 357 2656 Viscera
381 2587 518 2669 Matris,
544 2596 578 2653 et
601 2577 755 2654 aetherei·
777 2585 968 2671 praecordia
994 2594 1069 2658 uati.
1159 2630 1162 2638 .
1203 2623 1207 2630 ·

313 2783 389 2848 Non
413 2781 528 2868 procul
548 2781 735 2864 astabnlo,
761 2782 915 2868 nudoque
937 2781 999 2846 sub
1022 2785 1129 2863 adue,
1145 2788 1275 2854 noctem
1304 2816 1311 2833 =

215 2881 375 2946 Pastores
402 2879 554 2968 vigilem,
581 2887 688 2966 patrie
714 2880 754 2946 de
777 2903 889 2960 ruore,
916 2879 1104 2960 trabenteS,

214 2977 336 3043 Intenti
363 2979 540 3066 gregibus,
567 2985 668 3044 uariis
693 2978 901 3048 sermonibus
928 2977 1052 3048 horas·
1133 3015 1135 3022 ·

214 3074 395 3140 Pallebant.
447 3075 519 3144 llos
546 3076 717 3162 angelicae
743 3075 808 3138 dux
826 3079 907 3158 ,ipse
933 3079 1087 3137 catervae

215 3172 374 3240 Sidereus
401 3171 553 3254 Gabriel,
579 3172 776 3242 caelestiin
801 3170 875 3236 luce
901 3168 1093 3255 refulgens,
1215 3205 1219 3213 ι

214 3269 377 3336 Laetitiae
404 3280 500 3336 vocat
526 3275 558 3336 in
585 3277 729 3357 partem,
756 3267 907 3353 dulcique
933 3274 1107 3351 stupentes
1219 3287 1243 3324 ε.

215 3366 362 3432 Carmine
389 3367 612 3453 permulceas:
638 3367 715 3447 hac,
743 3369 865 3448 inquit,
893 3374 989 3434 uoote
1017 3372 1173 3432 renatus,
1288 3398 1293 3409 ·

215 3462 353 3529 Mortali
379 3466 419 3529 de
444 3471 547 3548 stirpe
574 3465 684 3531 Deus:
713 3461 913 3546 quotenea
937 3467 1077 3548 primum
1176 3501 1178 3509 ι
1258 3499 1261 3506 ·

215 3562 370 3642 Desinet,
397 3570 430 3626 et
455 3569 526 3626 toto
551 3567 668 3649 surget
689 3581 900 3649 gensfaurea
925 3560 1054 3627 maudo.
1144 3579 1148 3586 ·
1177 3566 1183 3570 “
1300 3623 1303 3630 .

216 3659 289 3724 Hoc
315 3659 396 3724 duce
421 3664 605 3745 primaevae
633 3660 763 3729 taudem
789 3664 945 3745 contagia
970 3657 1088 3743 culpae
1169 3721 1172 3728 ,
1225 3677 1228 3684 ·
1299 3717 1303 3724 .

215 3758 327 3840 lrrita,
351 3764 512 3844 perpetua
535 3757 667 3823 solvent
691 3757 873 3825 formidine¹
889 3765 1006 3826 terras.

214 3856 353 3922 Occidet
378 3864 412 3920 ct
437 3871 593 3939 serpeus,
620 3863 657 3920 et
679 3874 799 3920 saevae
823 3860 931 3920 tristia
956 3859 1070 3920 mortis
1108 3893 1110 3901 ι

215 3954 350 4039 Spicula
375 3949 479 4018 fracta
505 3953 630 4020 cadent.
680 3953 814 4034 Virtus,
840 3958 1012 4037 pietasque
1036 3949 1204 4032 fidesque,
1279 3967 1311 4020 '.

214 4051 298 4116 Jura
325 4050 446 4117 dabunt
474 4055 605 4138 gemino
630 4054 786 4135 auspiciis
813 4051 1034 4115 communibus
1062 4047 1143 4110 orbi.
