3060 4752
277 1304 506 1414 Lissnn
527 1304 852 1416 uncinulis
890 1303 1235 1416 TERTIUS.

307 1745 373 1828 At
400 1754 674 1844 Phlegethontuei
701 1755 766 1821 dux
790 1754 1035 1820 immiserabilis
1059 1763 1168 1839 antri,

209 1853 341 1919 Viribus
367 1852 540 1936 infractus,
566 1853 684 1939 spoliis
708 1861 827 1920 exutus
853 1856 988 1938 opimis,

209 1951 400 2015 Ludibrium
425 1971 581 2036 superum
607 1958 780 2038 terrorque
804 1949 974 2034 pudorque
1000 1958 1186 2039 gementum

211 2045 459 2134 Anguigenum,
485 2067 545 2111 uec
571 2049 613 2112 cb
639 2051 722 2115 haec
747 2055 926 2131 conceptas
951 2058 1087 2132 pectore
1112 2049 1259 2114 flamoso

209 2144 243 2209 ln
271 2142 408 2210 mortale
435 2164 541 2230 genus
564 2144 732 2232 furiasque
757 2149 910 2230 sitimque
936 2145 1074 2211 nocendi

151 2283 154 2294 r
209 2243 384 2327 Temperat
409 2240 573 2318 oblitusve
599 2248 652 2307 sui
678 2250 731 2308 est
756 2241 942 2310 discrimine
967 2249 1066 2310 teuto.

209 2338 312 2404 Ardet
338 2344 370 2402 in
398 2357 488 2402 arma
514 2345 637 2428 magist
664 2339 757 2406 velut
780 2345 912 2404 irritata
938 2346 1071 2407 sonoris

208 2435 378 2523 Suppositi
406 2433 546 2500 flammis
572 2443 677 2526 iguis,
703 2437 886 2503 claudentis
912 2437 1012 2503 cheri

207 2534 384 2620 Impatiens
410 2540 503 2598 arcto
527 2533 671 2600 fraenari
697 2553 848 2616 carcere,
874 2539 907 2599 iu
929 2533 1030 2602 altum

207 2630 333 2695 Emicat
356 2629 442 2694 unda
465 2631 578 2696 furens
606 2639 851 2718 improvisoque
876 2631 1020 2698 lebetem

207 2727 374 2813 Erupcrat
398 2727 485 2793 saltu
511 2726 761 2814 subjectumque
787 2734 941 2813 opprimit
966 2735 1084 2816 ignem.

208 2825 364 2891 Protinus
391 2845 409 2888 e
436 2823 566 2910 templis
586 2823 905 2910 simulacrorumque
930 2824 1078 2910 profanis

208 2921 352 2989 Sedibus
378 2928 475 3008 atque
503 2927 588 2986 omni
617 2929 779 2988 terrarum
807 2921 1082 3007 pernotarentur,

208 3021 365 3086 Incensus
391 3018 505 3102 furiis,
532 3019 685 3084 Baraihri
710 3019 866 3085 iumentis
891 3018 1040 3084 alumnos

208 3117 349 3201 Imperat
374 3123 494 3201 acciri,
521 3118 710 3202 rabiemque
737 3127 773 3182 et
797 3116 931 3182 fulmina
954 3121 1103 3202 spirans,

210 3213 349 3279 Pectora
373 3220 517 3298 vipereis
544 3219 665 3280 animat
691 3220 857 3301 torpentia
882 3214 988 3280 dictis.

307 3407 496 3491 Vincimur,
524 3431 544 3472 o
570 3413 723 3490 comites,
752 3415 785 3474 et
812 3429 930 3496 magna
956 3407 1067 3490 clade,
1093 3406 1260 3475 fatendum
1287 3418 1359 3496 est,

209 3505 392 3572 Steruimur
417 3504 565 3591 impulsi3
593 3506 652 3572 sed
678 3511 764 3571 enim
790 3506 910 3572 solatia
935 3511 1033 3572 victis

208 3603 353 3670 Victoris
381 3603 523 3669 cumulat
544 3603 612 3687 jam
638 3603 727 3670 clara
753 3609 897 3688 potentia
923 3603 1100 3674 CHRISTI.

207 3701 279 3766 Hoc
303 3702 440 3785 saltem,
467 3702 530 3765 hoc
554 3709 699 3790 gemitus
725 3701 1012 3788 indignantumque
1037 3700 1192 3788 pudorem

207 3796 402 3884 Temperet,
428 3805 554 3865 aeterni
582 3799 670 3885 quod
696 3804 837 3864 numinis
863 3807 933 3865 arte
962 3819 1122 3884 manuque

207 3895 417 3982 frangimur,
444 3906 543 3982 atquc
567 3901 622 3961 uni
649 3903 782 3984 propria
807 3905 860 3962 est
885 3898 967 3963 haec
992 3897 1106 3962 laurea
1127 3908 1234 3958 rerum

208 3989 346 4076 Artifici,
372 4014 563 4080 quemquem
591 3995 627 4059 c!
644 4031 689 4044 —·
708 3994 768 4062 scd
795 3995 880 4081 quod
903 3996 1078 4082 prohibere
1096 3996 1249 4076 negatum
1265 3997 1318 4056 est
1338 4031 1382 4044 -

208 4088 367 4158 Quemvis
390 4097 503 4158 invitis
526 4091 617 4158 tetuli
639 4091 717 4180 lege
740 4092 907 4160 ferendum
933 4100 996 4160 est.
