3058 4762
311 1325 526 1436 LlBllll
561 1325 885 1440 DECIMUS
922 1330 1232 1444 SEXTUS.

321 1770 488 1869 {magius
515 1776 675 1848 abductos
699 1778 816 1847 domini
844 1789 919 1867 post
945 1782 1050 1847 vincla
1078 1787 1189 1872 coligit

223 1876 413 1961 Discipulos
440 1899 504 1944 nox
528 1883 655 1944 securis
682 1887 797 1944 octava
822 1877 978 1944 tenebris.

222 1975 296 2040 Non
324 1995 364 2040 ea
388 1981 440 2040 vts
466 1981 598 2059 arrimts,
627 1998 688 2042 non
716 1985 839 2042 tantum
864 1980 895 2041 in
922 1985 1057 2060 pectore
1085 1977 1202 2060 robur,

222 2073 309 2162 Spes
333 2080 481 2158 quamvis
507 2095 647 2139 occense
673 2081 767 2139 novis
794 2073 985 2158 praecordia
1010 2095 1165 2142 crescens

221 2172 378 2237 Tenteret
402 2171 562 2254 stimulis,
587 2179 625 2237 ut
651 2192 751 2238 saeva
777 2179 879 2235 morte
905 2177 1053 2258 magistri

221 2269 426 2335 Exultantem
454 2270 584 2352 urbem,
614 2290 672 2334 nec
699 2269 805 2334 adbuc
830 2276 979 2333 saturata
1005 2270 1168 2334 furentum

85 2396 88 2406 =
220 2367 301 2431 Dira
327 2365 427 2430 caede
453 2365 529 2430 odia
555 2375 692 2448 aspectu
719 2371 848 2430 irritare
873 2365 1046 2452 palamque

221 2463 383 2528 Hostibus
410 2470 446 2525 et
472 2461 560 2526 clara
584 2461 739 2525 auderent
765 2481 938 2525 occurrere
964 2461 1049 2526 luce.

222 2557 265 2623 Ut
290 2557 420 2622 tandem
448 2570 543 2622 notos
571 2579 684 2622 omnes
712 2564 823 2623 coiere
849 2559 910 2621 snb
938 2558 1056 2642 aedes,
1181 2623 1192 2634 ,

221 2656 326 2720 (lueis
352 2675 429 2722 sese
456 2655 564 2720 eboris
589 2654 782 2740 epulandum
809 2655 1003 2726 Gnarsrus
1031 2663 1147 2724 amicis

222 2750 386 2838 Apposuit
410 2764 485 2840 post
511 2752 658 2819 solennis
685 2758 833 2820 convivia
860 2771 1013 2837 mensae,

220 2849 414 2918 Visceribus
439 2850 586 2917 clausum
611 2851 742 2917 solvunt
768 2856 798 2916 io
825 2851 926 2916 verbo
950 2849 1099 2916 dolorem

220 2949 405 3035 Tristiaque
432 2949 560 3014 intomts
588 2958 780 3035 repetentes
808 2948 944 3013 vulnero
970 2954 1074 3014 trunci

222 3045 329 3132 Atque
349 3052 551 3134 ignominias
578 3047 657 3111 letlri
686 3045 847 3126 crudelis,
874 3051 994 3110 amaris

219 3144 287 3209 Orc
313 3147 421 3231 rigant
445 3145 599 3230 lacrymis
623 3149 753 3229 imoque
779 3163 798 3207 c
824 3149 956 3228 pectore
983 3141 1083 3207 duros

220 3238 307 3304 Dant
334 3247 485 3328 gemitus.
537 3241 616 3306 Tum
645 3240 760 3305 deinde
789 3261 873 3305 novo
898 3259 958 3323 spe
987 3243 1132 3322 pectoris
1157 3251 1272 3306 aestus

219 3333 357 3417 objecto
380 3339 526 3404 mulcere
552 3338 655 3421 avidi,
683 3357 786 3424 prona
812 3357 890 3402 core
917 3335 1082 3420 sepulchri
1116 3367 1127 3394 s

219 3430 405 3516 loferniquc
431 3437 620 3522 triumphati
646 3439 827 3519 mortisque
853 3435 1011 3500 subactae

219 3526 420 3615 Argumenta
446 3530 560 3596 bibunt
585 3539 767 3617 iterumque
793 3536 976 3616 iterumque
1002 3537 1184 3596 renarrant.

221 3625 302 3689 Ante
331 3643 445 3688 omues
471 3629 557 3692 steri
584 3632 741 3714 Princeps
767 3637 943 3715 rectorque
970 3635 1107 3694 senatus

219 3723 388 3808 componit
415 3730 523 3786 motos
548 3731 672 3790 animos
698 3735 733 3792 et
758 3727 874 3791 funere
899 3732 987 3791 victo

220 3819 349 3886 Asserlt
374 3824 495 3885 intacto
521 3820 663 3888 rediisse
690 3843 709 3888 e
735 3842 896 3889 marmore
924 3821 1143 3890 Crinissum.

316 4012 389 4080 Vidi
409 4007 530 4099 oculis,
559 4013 622 4080 vidi
649 4020 721 4100 ipse
747 4020 830 4080 meis
855 4019 972 4080 iterum
994 4011 1130 4079 aethere
1153 4021 1267 4080 nostro

218 4109 413 4179 Veeeeotem
439 4121 473 4178 et
499 4112 615 4182 blondo
641 4112 834 4179 mulcentem
861 4131 941 4178 voce
970 4110 1101 4180 dolores
