3060 4752
126 209 261 264 m
658 201 768 258 braun
791 201 866 258 xlii.

158 421 160 427 ·
212 389 370 476 Aspicere
396 395 430 454 et
456 395 559 454 totum
584 407 671 455 nova
695 407 835 476 surgere
859 403 956 455 mera
980 403 1039 470 per
1060 389 1190 477 orbem.

212 489 374 554 Bissenos
401 487 596 556 CHRtsTUs
624 491 739 552 socios
765 493 858 550 tanto
884 484 1031 552 aetheris
1058 486 1177 552 baustu

211 585 345 651 Talibus
372 589 496 649 aeterni
521 583 662 650 flammis
687 583 844 650 incendet
867 588 1007 663 amoris,

211 683 257 749 Ut
282 683 378 768 pulsa
403 703 468 768 qua
492 702 576 746 nunc
601 682 704 748 timidi
730 681 903 748 formidine
932 679 1073 764 pallent,

212 783 363 846 Excussa
388 801 452 866 qua
478 796 562 844 nunc
586 784 712 869 animos
738 779 879 866 ealigine
904 786 1005 844 mersi

213 880 435 965 Despectique
462 883 590 957 errant,
617 877 707 946 nulla
731 883 764 944 ri
788 885 845 942 aut
870 875 987 942 fraude
1013 873 1181 954 trahendi,

211 975 381 1042 illecebris
405 997 467 1040 non
493 974 664 1057 flectendi,
692 997 754 1040 nec
778 981 883 1044 morte
910 979 1048 1038 minisve

211 1071 413 1160 Frangeudi,
441 1071 559 1156 Grajae
585 1071 767 1158 Latiaeque
793 1080 913 1158 arguta
938 1070 1086 1155 Sophiae

212 1169 293 1237 Tela
318 1175 465 1251 irrisuri,
489 1170 589 1236 divini
609 1167 686 1253 jura
709 1174 861 1256 magistri

212 1270 256 1334 Et
281 1267 403 1333 clarum
430 1275 592 1354 spargant
615 1288 733 1336 nomen
759 1266 889 1334 dudaea
914 1285 974 1350 per
998 1285 1095 1344 arva,

213 1367 303 1431 ans
329 1385 430 1449 super
455 1385 559 1450 usque
585 1365 716 1447 domos,
744 1365 796 1430 ubi
824 1360 957 1431 caerula
982 1361 1100 1426 Tethis

216 1465 371 1550 Surgenti
398 1483 527 1537 currum
557 1462 692 1531 Phoebo
719 1462 879 1549 producit.
931 1458 965 1526 ln
993 1459 1085 1524 orbis

214 1561 370 1644 Hesperii
397 1570 578 1642 extremos,
605 1561 702 1645 pulsa
726 1560 915 1640 formidine,
942 1564 1047 1624 metas

214 1658 416 1746 Excurrent3·
439 1666 573 1724 vertent
597 1665 724 1731 animos
748 1677 890 1742 arasque
916 1655 1072 1721 deorum.

215 1757 452 1822 comminuent.
504 1754 636 1824 Addent
657 1762 776 1826 sacris,
793 1753 949 1823 miracola
974 1753 1072 1818 dictis

216 1852 416 1940 Prodigiosa
439 1854 557 1940 fidem3
584 1853 639 1922 bis
664 1857 758 1934 victi,
784 1852 963 1940 populique
989 1850 1173 1934 ducesque,

215 1949 411 2016 Numinibus
436 1973 600 2036 proavum,
618 1957 760 2036 spretis,
787 1956 817 2026 in
844 1969 959 2016 nomen
985 1948 1081 2016 dasii

216 2047 393 2112 durabunt.
444 2049 561 2113 Pronis
584 2055 700 2124 animis
727 2054 889 2134 uitamque
914 2047 1103 2130 brevesque

217 2145 360 2210 Divitias
387 2143 475 2210 ultro
501 2145 666 2230 abjicient.
718 2146 805 2232 Spes
832 2152 922 2210 certa
948 2149 1104 2229 perennis

217 2242 396 2322 Laetitiae,
424 2243 489 2308 fusi
515 2264 575 2328 pro
602 2244 778 2318 CHRISTO
805 2248 980 2330 sanguinis
1007 2247 1125 2329 ingens

216 2339 365 2421 Laurea,
392 2347 483 2406 tanto
509 2340 625 2410 avidos
650 2347 681 2406 in
707 2342 848 2424 ferrum,
875 2346 907 2404 in
936 2339 1089 2420 volnera,
1116 2343 1148 2402 in
1176 2342 1271 2426 ignes

215 2435 360 2524 impulsu
387 2439 549 2526 abripiet,
576 2448 698 2525 quanto
726 2461 787 2504 noo
815 2460 974 2526 spumeus
1001 2443 1104 2504 amnis

217 2534 355 2622 Aggere
381 2545 536 2621 perrupto
561 2539 702 2624 subjecti
730 2543 761 2604 in
788 2543 938 2626 gramina
963 2540 1069 2622 campi

218 2632 464 2720 Braeeipitans,
491 2633 623 2718 sylvas,
649 2643 723 2702 sata
748 2635 835 2700 laeta
853 2641 1066 2720 armentaque
1092 2636 1222 2700 sternit.

219 2728 346 2794 Cedent
371 2726 532 2794 Mosaeac
557 2738 692 2797 vacuata
716 2737 902 2818 aenigmata
926 2731 1032 2818 legis,

220 2827 321 2893 Cedet
347 2825 482 2893 dessaei
507 2828 666 2912 majestas
692 2827 813 2912 inclyta
840 2827 965 2914 templi.

219 2923 289 2990 Nec
316 2921 473 3006 conjurati
499 2925 664 2997 CHRISTI
689 2926 880 2992 rescindere
906 2945 1000 2991 sacra

220 3023 417 3104 Pontifices,
442 3043 503 3090 nec
527 3022 663 3090 Romani
688 3023 864 3093 metuenda
888 3031 1025 3090 senatus

219 3121 359 3185 Nomina
385 3119 606 3205 Caesareique
631 3121 775 3188 timenda
800 3127 945 3208 potentia
971 3122 1092 3203 sceptri

219 3216 404 3301 impavidos
426 3219 740 3305 frangent-animos.
793 3219 955 3304 Capitolia
980 3215 1077 3302 pulsa

220 3314 407 3402 Rolligione
432 3315 538 3382 Deum
563 3315 739 3388 CHRISTO
765 3318 956 3385 famulantia
981 3321 1095 3381 cernet

221 3412 416 3478 Posteritas.
469 3412 600 3481 eornm
626 3421 762 3482 invisam
786 3413 965 3498 majoribus
991 3419 1066 3496 ipsa

219 3513 324 3576 Roma
353 3520 451 3595 caput
476 3510 584 3578 mundi
610 3512 706 3578 furiis
731 3518 924 3600 extinguere
950 3520 1084 3600 gentem

221 3609 440 3677 Cirristiadnm
464 3609 631 3691 ardescet,
660 3618 750 3678 tanto
776 3610 1019 3688 (crescentibus
1044 3606 1113 3673 illis

221 3705 305 3772 Tela
329 3727 389 3792 per
415 3717 450 3776 et
473 3708 640 3791 flammas,
667 3716 704 3772 ut
730 3713 846 3774 viatrix
870 3708 994 3795 palma,
1018 3708 1170 3792 superbit

224 3801 348 3885 Altior,
374 3806 505 3872 inflexis
531 3825 677 3890 appenso
704 3806 848 3891 pondere
876 3812 975 3871 ramis

223 3902 303 3966 Cum
329 3921 476 3986 premere
501 3903 747 3992 aggredimur)
777 3909 883 3992 magis
909 3910 1098 3993 expugnata
1122 3900 1276 3968 fatiscent

223 3999 359 4086 Templa
384 4000 505 4083 Deum,
533 4022 631 4069 roseo
658 4001 749 4068 affixi
775 4025 855 4074 crux
879 4007 1043 4088 sanguine
1069 3998 1234 4066 CHRISTI

224 4095 373 4178 Nobilis,
398 4097 479 4168 Eois
504 4105 644 4188 gemmis
669 4100 841 4182 distincta,
870 4098 1052 4183 superbum,
