3082 4748
461 1307 676 1414 LIBER
725 1307 1093 1428 QUARTUS.

328 1749 395 1832 At
420 1766 512 1844 parte
535 1779 575 1824 ex
600 1758 665 1822 aliu
687 1756 845 1823 famulum
870 1763 1011 1843 stipante
1037 1765 1184 1840 caterva,

229 1854 342 1921 Aurea
366 1857 441 1922 dum
467 1857 572 1924 medio
598 1855 770 1920 volvuntur
792 1852 902 1919 sidera
925 1856 1021 1941 lapsu
1033 1891 1051 1936 ,x

228 1954 375 2019 Lazarus
401 1958 539 2019 invisam
566 1957 697 2038 superis
726 1952 893 2016 contendit
918 1959 951 2018 in
978 1952 1102 2019 urbem.

229 2052 379 2137 Namque
401 2053 458 2117 ubi
484 2047 642 2117 terribilis
666 2069 726 2136 per
753 2069 855 2133 opaea
881 2051 1014 2116 silentia
1036 2049 1173 2136 claugor

228 2149 408 2234 Expulerat
433 2171 600 2230 somnum,
624 2151 740 2213 summi
766 2147 905 2236 fastigia
929 2154 1009 2216 tecti

228 2244 379 2312 Ascensu
405 2267 585 2330 superans,
613 2244 792 2330 oculosque
819 2265 878 2328 per
905 2252 1013 2310 omnia
1038 2239 1192 2324 volvens,

228 2341 407 2408 Ausoniam
432 2343 591 2420 flammis,
617 2345 724 2426 signis
750 2345 915 2426 armisque
942 2341 1114 2406 eohortem

228 2438 423 2503 Instructam
450 2437 511 2501 sub
538 2435 681 2500 oliviferi
706 2434 812 2500 latera
837 2437 939 2500 ardua
962 2441 1082 2502 montis

229 2535 383 2600 Proxima
405 2533 540 2598 fontalis
566 2552 743 2618 properare
766 2538 797 2598 iu
824 2533 935 2598 limina
957 2542 1074 2619 portae
1167 2523 1172 2533 ¹

230 2633 411 2716 Prospicit‚
438 2638 472 2694 et
497 2650 619 2694 saevos
650 2629 794 2716 Caiphae
822 2639 1014 2717 patrumque
1039 2630 1170 2696 dolores

230 2730 348 2796 Secum
376 2732 481 2793 animo
509 2747 663 2808 versans,
691 2728 853 2816 divinique
878 2730 1021 2814 hospitis
1047 2737 1193 2813 antrum3

229 2827 340 2892 Triste
366 2847 427 2910 per
451 2831 622 2914 augurium
645 2823 764 2890 ductus
791 2833 918 2910 tremit,
942 2835 1091 2908 aestuat,
1121 2826 1251 2907 horret,

229 2923 477 3007 Abductumque
499 2927 621 3012 gemit,
650 2943 711 2986 ccu
735 2943 844 2986 rerum
870 2931 999 3007 certus,
1025 2929 1172 2988 amicum.

229 3019 311 3086 Mox
337 3023 391 3086 uhi
417 3021 538 3086 soliciti
565 3019 654 3084 nulla
678 3018 860 3084 tractabilis
887 3030 958 3084 arte

229 3118 267 3182 In
293 3128 408 3184 ventos
434 3140 511 3184 sese
537 3117 653 3181 effudit
677 3121 729 3180 vis
757 3121 862 3200 prima
887 3116 1027 3198 doloris,
1153 3119 1157 3127 “

230 3213 386 3304 Suspecti
412 3221 585 3301 impatiens
612 3233 730 3277 causas
752 3218 884 3278 nescire
910 3213 1085 3297 tumultus,

228 3312 410 3378 infaustum
436 3317 576 3377 maturat
601 3315 682 3395 iter3
708 3307 904 3396 tandemque
932 3311 1072 3377 reclusis

230 3408 373 3475 Inlertur
396 3415 521 3494 portis,
552 3405 727 3494 Annaeque
753 3406 793 3471 ad
818 3407 928 3473 limina
954 3411 1111 3491 tendens,

231 3504 322 3589 (Huc
348 3506 498 3570 fremitus
524 3512 622 3567 vocat
645 3511 678 3568 et
703 3504 853 3570 sublatus
878 3508 918 3571 ad
944 3508 1079 3572 aethera
1103 3506 1241 3582 clamor)

230 3600 362 3684 Aspicit
388 3602 530 3688 indignis
555 3600 729 3688 religatum
756 3603 891 3669 brachia
917 3604 1054 3687 vinclis,

229 3699 273 3766 Et
299 3699 404 3763 Latiis
431 3699 593 3762 Christum
619 3700 766 3766 excubiis
787 3707 908 3767 circum
932 3701 1073 3788 undiquc
1096 3706 1246 3766 cinctum.

229 3797 393 3885 ingemuit
418 3801 562 3884 graviter
587 3802 767 3882 miserans,
794 3805 967 3884 vietusque
994 3798 1106 3862 colore

230 3893 381 3960 Fluctuat
404 3914 444 3956 an
471 3892 595 3959 medios
621 3915 782 3979 praeceps
808 3918 846 3961 se
869 3899 1020 3959 immittat
1045 3900 1079 3958 in
1105 3895 1240 3980 hostes3

229 3989 273 4054 Et
297 3990 448 4056 reducem
473 3989 612 4056 Authori
636 3991 799 4078 impendet
824 3999 901 4077 post
926 3989 1043 4054 funera
1065 3997 1184 4076 vitam3

231 4085 281 4152 An
308 4093 412 4155 numis
438 4097 565 4174 emptos
591 4095 696 4175 pretio
724 4108 931 4172 eorrumpere
958 4096 1063 4153 certet
