3056 4758
116 281 245 334 batt-otti
639 281 747 334 LIBER
774 283 845 334 xvt.

196 465 237 530 Et
262 472 376 529 tenere
403 465 542 529 hirsutis
568 465 739 550 trejectum
766 476 915 551 tempora
939 473 1044 552 spinis

195 563 329 628 Cernite
356 563 594 648 perfossasque
620 585 750 648 uranus3
778 565 977 651 dubiumque
1004 569 1151 628 timorem

195 659 329 726 Mittite.
378 660 550 727 Quondam
578 661 659 725 baec
684 682 741 746 per
766 669 863 748 grata
888 667 1076 728 meminisse
1095 659 1227 744 juvabit

196 757 348 846 insignes
375 765 497 846 pietate
523 765 658 824 animos.
710 758 805 823 Nunc
832 768 934 824 rnorte
959 760 1075 847 fogata
1160 831 1162 834 ,

196 854 280 921 Vivo
306 861 422 921 iterum
449 865 484 922 et
510 861 616 945 rrragni
643 857 728 921 dono
754 861 917 943 genitoris
942 857 1089 922 habenas

196 955 410 1042 Terrigenum
438 975 658 1039 superumque
686 975 758 1018 meo
786 954 847 1017 sub
874 959 1003 1018 numine
1027 954 1139 1020 flecto.

197 1052 309 1117 Quare
336 1059 442 1138 agite,
469 1074 488 1115 o
515 1057 672 1134 comites,
700 1074 782 1137 qnos
810 1051 892 1117 baec
920 1057 951 1116 in
980 1073 1115 1116 munera
1140 1051 1226 1140 legi,

196 1148 245 1214 lte
271 1171 331 1233 per
357 1149 417 1214 Eoi
443 1149 543 1216 radiis
569 1151 713 1214 obnoxie
737 1149 836 1230 solis,
863 1223 866 1232 ,
959 1228 962 1234 1

152 1241 155 1248 ’
196 1246 246 1312 lte
271 1268 332 1331 per
356 1248 483 1312 occidui
507 1251 692 1331 spumantia
718 1246 829 1310 littora
854 1251 962 1329 ponti,

197 1344 337 1430 ltneque
363 1346 441 1409 furit
466 1345 585 1434 gelidis
614 1343 732 1430 Aquilo
759 1342 977 1408 intractabilis
1004 1342 1085 1426 olis,

197 1442 337 1527 Quaque
363 1443 446 1528 pluit
472 1442 620 1507 madidus
647 1441 838 1528 glomeratis
865 1439 1022 1506 imbribus
1050 1440 1191 1520 Auster,

196 1538 334 1626 lgnaros
360 1545 447 1621 veri,
474 1562 620 1606 errorum
648 1539 789 1626 caligine
817 1559 943 1602 mersos

196 1637 363 1722 Prodigiis
391 1645 590 1724 monitisque
617 1644 741 1702 animos
768 1641 798 1699 in
828 1636 930 1700 verba
955 1641 1107 1726 magistri

197 1735 326 1823 Cogite.
377 1735 549 1801 Tartareis
578 1734 720 1799 exolvite
747 1733 832 1799 colla
858 1729 984 1798 catenis

196 1831 238 1897 Et
267 1833 375 1897 Patris
403 1832 551 1918 Natique
577 1842 610 1896 et
636 1836 741 1896 sancti
768 1831 921 1896 Flaminis
948 1853 1012 1895 nno

196 1929 338 1994 Nomine
363 1929 525 1995 lustratos
552 1930 681 1994 sceiere
707 1929 976 2018 abstergentibus
1003 1927 1096 1993 undis

197 2026 371 2108 lustruite,
400 2036 434 2092 ut
460 2049 621 2094 memores
648 2032 777 2113 accepti
805 2026 935 2093 luminis
962 2024 1047 2090 ultro

196 2125 382 2212 Accingent
407 2132 499 2211 operi
526 2146 603 2191 sese
630 2146 668 2188 ac
693 2125 843 2190 mandata
870 2133 1059 2211 capessant.

197 2221 316 2287 Pellite
344 2222 443 2286 corde
469 2233 606 2308 metum3
632 2223 744 2286 domiti
772 2228 970 2287 contemnite
996 2222 1086 2285 Ditis

196 2319 336 2384 Insidias
363 2319 592 2405 bominumque
619 2324 732 2385 minas.
784 2317 859 2406 Ego
883 2341 1003 2404 poscor
1031 2317 1187 2404 Olympo,

179 2415 238 2501 'Ut
264 2426 410 2482 reserata
437 2439 509 2484 meo
536 2416 751 2483 conscendam
780 2423 943 2504 sanguine
973 2437 1085 2506 regna.
1183 2493 1186 2498 ,

199 2511 368 2600 Nusquam
395 2515 496 2580 abero
522 2523 647 2600 tamon,
675 2522 708 2578 at
729 2521 898 2598 praesenti
927 2521 1056 2578 numine
1081 2520 1204 2579 amicos

200 2611 377 2698 Protegam
404 2619 435 2676 in
462 2614 606 2677 astriferi
633 2633 787 2701 suprema
812 2610 977 2676 volumina
1001 2610 1108 2677 mundi

198 2708 467 2795 Promeritosque
494 2712 618 2774 trabam
643 2729 797 2797 superum
823 2713 854 2771 in
881 2729 1027 2774 convexa
1052 2708 1201 2774 clientes.

296 2903 352 2968 Sic
377 2904 530 2990 placitum
557 2905 752 2986 CHR18T0‚
779 2907 877 2967 variis
905 2906 1049 2966 nutantia
1074 2901 1173 2965 eorda

199 2998 360 3085 Alloquiis
388 3002 514 3066 firmare
541 3010 574 3067 et
599 3023 677 3067 sese
704 3003 824 3066 offerre
850 2999 1031 3065 videndum.

196 3096 293 3161 Nunc
319 3100 387 3182 his,
416 3121 498 3164 nunc
524 3100 609 3183 illis,
638 3099 820 3184 obtusaque
847 3106 999 3183 pectora,
1027 3105 1154 3160 mentes

198 3193 306 3258 Multa
331 3197 428 3260 rudes
451 3197 578 3262 blandis
605 3202 748 3261 animare
774 3207 807 3260 et
833 3197 961 3282 fingere
988 3192 1118 3276 verbiS,

198 3290 380 3379 Susceptae
404 3300 511 3358 cernis
538 3300 694 3380 mysteria
719 3294 882 3378 pandere,
909 3302 1014 3356 votnm

197 3387 353 3455 Fatidicis
380 3392 507 3456 inclusa
532 3392 635 3456 modis
662 3391 830 3456 recludere
857 3390 959 3471 dicta,

196 3486 374 3552 Nascentis
400 3489 475 3553 fidei
503 3490 598 3576 leges
625 3510 812 3574 moremque
840 3509 1007 3552 sacrorum
1131 3482 1134 3491 '

197 3583 340 3650 Tradere
365 3595 399 3651 et
426 3588 565 3651 insidias
592 3585 691 3650 Erebi
718 3606 959 3670 nurnerosaqne
984 3595 1128 3651 monstra

198 3681 360 3747 lleresion
385 3689 534 3770 aperire,
563 3681 656 3747 dolos
683 3693 782 3768 atque
805 3703 895 3747 *arma
921 3691 1128 3769 tyrannorum

197 3778 298 3864 lmpia
324 3779 567 3864 conjuratorum
594 3779 755 3846 coelestia
780 3802 863 3845 verro

196 3876 357 3942 Funditus
383 3887 418 3942 et
442 3899 538 3943 sacre
564 3886 598 3942 ct
623 3883 705 3942 ritus
729 3888 880 3943 evertere
905 3883 997 3962 nisu,

196 3972 240 4038 Et
266 3995 329 4059 quo
356 3996 518 4060 quemque
542 3976 636 4042 modo
664 3975 855 4064 fugiantque
881 3976 1050 4061 lerantque
1076 3972 1231 4039 laborent.

197 4069 364 4136 Solennes
390 4084 456 4136 tum
484 4073 600 4138 deinde
625 4073 696 4138 dies
720 4083 755 4139 et
782 4079 888 4138 inania
912 4074 1002 4140 festa

196 4165 360 4234 lsacidum
386 4169 539 4257 legisque
561 4171 677 4256 jugum
704 4167 911 4238 intractabile
939 4168 1076 4252 tollens,

1120 4266 1169 4336 at
