3060 4752
658 221 900 278 cantemus

234 404 300 471 llut
326 412 376 472 ris
402 411 525 491 ereptis
551 407 710 481 dederant
734 407 918 474 discrimine
943 409 1116 492 membris,

233 503 393 570 Omnibus
419 526 483 570 uua
507 505 655 571 aberunt.
707 506 771 572 Sed
798 511 883 574 enim
909 506 1053 572 formosa
1079 515 1205 592 piorum

233 601 394 686 Corpora,
421 602 567 670 stellanti
592 605 784 669 immortalis
811 603 884 669 luce
905 602 1062 686 juventae

233 700 386 765 lllustres
410 701 537 766 Phoebi
564 700 675 766 radios
700 709 734 765 et
759 701 871 766 sidera
896 706 1029 768 vincent

235 797 423 864 Mobilitate
448 800 542 864 leves
567 798 641 863 elisi
667 798 813 864 fulminis
839 798 919 863 eles.

235 895 342 981 Atque
368 916 408 960 eo
425 900 485 961 'vis
512 896 665 960 membris
685 901 790 961 inerit
814 895 1012 980 subtilibus,
1040 900 1138 968 orbes

235 994 329 1061 (lunc
355 994 452 1058 facile
478 993 651 1058 aethereos
677 1000 838 1079 penetret.
889 993 955 1060 Sed
982 1004 1068 1061 tetre
1094 1007 1265 1066 nocentum

234 1092 381 1178 Corpora
407 1091 519 1156 liventi
544 1089 675 1176 plumbo
702 1097 856 1180 graviore
877 1098 1049 1180 rigescent

234 1189 343 1275 Atque
369 1187 606 1275 intorquendue
632 1188 753 1254 fulmen
780 1196 963 1256 sententiae
990 1198 1021 1256 in
1048 1197 1129 1278 ipsis

234 1285 387 1352 Vultibus
414 1286 585 1352 ostendent
611 1293 806 1374 cupientque
831 1293 863 1352 in
889 1289 1046 1372 Tartara,
1074 1290 1196 1358 biantis

233 1384 391 1468 Disrupto
417 1392 525 1450 terrae
552 1391 696 1472 gremio,
722 1385 773 1450 vel
799 1386 961 1450 montibus
988 1386 1065 1452 altis

234 1480 267 1545 ln
295 1488 401 1566 capita
426 1488 555 1547 immani
582 1483 717 1547 vibratis
744 1483 891 1566 turbine,
919 1485 1024 1549 condi.

234 1577 299 1644 Sed
334 1581 456 1647 frustra
482 1581 564 1644 baec
590 1586 720 1662 miseri,
744 1581 889 1646 frustra:
919 1590 1080 1669 cogentur
1105 1585 1146 1648 ab
1172 1591 1259 1650 omni

233 1676 369 1743 Occidui
396 1677 521 1764 Eoique
548 1679 639 1742 orbis
665 1685 801 1766 regione
826 1679 888 1744 sub
916 1678 1008 1762 illas,

234 1773 327 1841 (luae
354 1775 507 1860 Solymae
532 1781 635 1840 muris
660 1775 835 1860 dosapbati
863 1782 1116 1852 nominenotae

233 1870 425 1938 lncumbunt
449 1871 566 1937 valles.
617 1871 690 1938 Huc
708 1873 877 1938 -lortuuate
901 1879 1026 1957 piorum

234 1969 374 2057 Agmina
399 1975 521 2056 pernici
547 1975 639 2056 prius
664 1992 842 2038 accessura
866 1971 991 2036 volatu.
1081 1997 1084 2006 ⁴

232 2066 364 2132 Interea
389 2067 495 2134 medio
522 2067 672 2134 sublimis
700 2076 731 2134 in
759 2074 836 2134 edre
862 2070 962 2134 stabit

236 2165 396 2254 Angelice
418 2165 525 2231 defixa
550 2188 645 2230 mauu
672 2189 749 2233 crux
776 2188 894 2247 aurea,
917 2166 1017 2234 claris

233 2262 405 2329 Illustraus
433 2264 533 2330 radiis
561 2263 697 2331 nitidum
724 2271 796 2350 puri
822 2264 969 2329 aetheris
999 2267 1128 2349 orbern,

235 2360 375 2426 Laetitia
401 2366 525 2448 iugeuti
546 2360 711 2443 justorum
737 2370 872 2446 pectore
901 2360 1048 2428 mulcens

236 2456 461 2540 Alliciensque
487 2457 619 2538 oculos,
646 2458 706 2524 sed
735 2457 929 2523 formidabili
958 2467 1041 2542 parti

233 2551 401 2619 Advorsae
427 2560 567 2641 siguum.
619 2555 721 2640 Cujus
748 2554 881 2642 fulgore
907 2561 1023 2622 minaei

233 2650 483 2738 Perstringente
509 2657 653 2737 animos,
680 2652 899 2719 miserandum
925 2654 964 2718 ad
991 2657 1102 2722 'sidera
1126 2657 1224 2724 tollet

234 2749 415 2814 Clamorem
439 2749 553 2817 infelix
577 2772 752 2835 pravorum
782 2751 876 2817 turbu
903 2753 1073 2840 diemque,

235 2848 310 2913 (luo
336 2857 472 2914 metrum
500 2849 665 2914 infaustos
693 2857 804 2914 uteros
828 2851 963 2915 subiere
990 2857 1110 2933 creati,

235 2943 394 3012 Omnibus
420 2948 567 3012 afficient
593 2946 686 3010 diris.
738 2945 845 3032 Super
873 2952 980 3012 omnio
1004 2948 1126 3032 lucem,

236 3042 311 3109 (lue
335 3052 510 3108 revocante
536 3044 631 3125 tuba,
658 3044 775 3112 mundo
801 3053 990 3128 spectante,
1016 3051 1150 3129 perenni

234 3140 364 3208 Funere
391 3140 557 3208 damnandi
585 3141 729 3208 tumulos
755 3147 845 3207 exire
873 3148 997 3223 coacti,

235 3237 381 3304 Vocibus
409 3238 547 3306 luleudis
567 3239 753 3324 -rebidoque
779 3241 892 3305 furore
914 3239 1089 3305 lacessent.

333 3431 402 3496 llos
429 3439 514 3500 inter
539 3437 705 3520 fremitus,
731 3444 846 3502 iterum
871 3455 1034 3522 percusse
1058 3425 1192 3522 fragore

234 3527 389 3593 lntremet
413 3537 539 3617 lugenti
566 3534 685 3615 tellus,
712 3534 838 3600 coelum
865 3554 959 3598 omne
984 3531 1129 3624 trisulcis

234 3623 435 3690 Fulminibus
461 3629 602 3695 reboans
628 3632 794 3697 infandum
818 3637 1006 3720 immugiet,
1034 3636 1113 3719 igne

235 3723 388 3788 Terribili
411 3723 564 3790 ardentes
590 3737 624 3792 et
648 3728 746 3794 foedo
771 3728 931 3815 sulpbure
956 3729 1108 3792 flammae

235 3821 399 3888 Attonitos
426 3827 617 3888 miscrorum
641 3827 757 3890 oculos
782 3832 974 3910 animosque
1002 3830 1150 3890 coruscis

236 3920 421 3987 Percelleut
447 3919 544 4006 telisq
572 3927 760 4008 pariterque
787 3922 950 3987 borrenda
978 3921 1120 3986 furentis

234 4013 415 4086 Adventum
440 4027 561 4086 testata
586 4021 658 4089 DEI
683 4040 743 4107 per
767 4025 877 4086 inania
901 4019 1040 4086 strident
1073 4079 1076 4084 .

234 4113 385 4182 crunon
404 4127 445 4182 -ct
469 4118 645 4205 impulsum
671 4122 821 4206 quatient
846 4117 1060 4206 clangoribus
1086 4118 1207 4192 orbern.
