3056 4758
1296 235 1433 288 bid-552

246 415 330 483 ssuid
358 418 493 505 loquor,
521 425 579 482 out
603 420 659 482 ubl
685 439 775 501 sum,
802 439 867 504 quo
892 437 961 502 me,
987 439 1053 505 quo
1081 416 1189 484 luctus
1215 439 1370 507 amorque

245 515 421 581 Turbatam
449 515 647 598 impellunt?
678 515 753 601 quid
778 537 891 582 amaus
917 535 1094 601 amensque
1119 516 1251 585 lacesso

244 613 307 679 Vel
334 614 448 679 tardos
474 615 600 679 Phoebi
627 613 739 680 radios
765 614 818 678 vel
844 616 927 680 furis
953 621 1097 698 iniquum

243 712 353 798 lgnoti
376 713 531 778 facinus?
558 733 618 778 nec
645 733 695 776 me
721 718 955 796 superomnia
981 711 1077 796 culpo

244 809 317 874 Heu
342 811 497 898 segnem!
525 822 560 876 et
586 831 669 876 vano
695 820 820 874 tautum
847 831 997 875 moerore
1022 811 1235 897 probantem,

244 908 337 973 (luas
357 908 451 992 jacto
477 909 640 989 flammas,
667 929 761 996 quem
788 909 877 996 tingo
905 908 1037 974 credula
1062 909 1233 974 amorem?

243 1005 280 1071 Si
308 1006 405 1086 mihi,
434 1027 528 1090 quam
555 1005 645 1094 tingo
672 1007 822 1088 demens,
850 1028 1012 1094 quamque
1038 1026 1116 1071 esse
1142 1007 1298 1088 deceret,

244 1103 303 1168 Vis
330 1109 362 1168 in
390 1123 501 1168 amore
528 1104 629 1188 foret,
657 1126 719 1170 non
748 1125 798 1169 me
822 1110 913 1190 prior
941 1104 1038 1170 ullus·
1054 1111 1149 1170 amici
1201 1124 1203 1132 ’

243 1201 411 1266 Aveheret
437 1222 575 1286 cor-pue,
605 1208 766 1289 rupissem
794 1202 937 1268 claustra
964 1203 1150 1288 sepulchri3

242 1298 403 1383 Quodque
429 1299 503 1363 aliis
527 1300 647 1364 factum
675 1321 751 1364 sero
779 1320 915 1385 queror,
942 1307 1015 1384 ipsa
1040 1300 1192 1367 tulissem

241 1396 419 1485 Exangues
445 1412 536 1461 ortus
562 1407 596 1462 et
621 1406 670 1478 te,
698 1419 771 1463 mea
795 1403 880 1481 vita,
907 1399 969 1464 sub
996 1398 1055 1464 illo

241 1495 445 1560 clausissem
472 1495 613 1577 tumulo,
642 1517 706 1580 quo
734 1496 884 1561 conditur
909 1504 985 1562 ante
1006 1496 1157 1580 jacebat,

240 1592 348 1658 Quem
374 1613 515 1680 superas
541 1593 660 1658 divumx
675 1599 837 1658 revocasti
865 1595 969 1660 frater
995 1599 1027 1659 in
1054 1613 1141 1659 oras.

238 1690 330 1754 Tunc
355 1712 419 1778 ego
446 1699 478 1755 te
506 1690 598 1778 vigili
626 1698 807 1776 potuissem
834 1691 994 1780 plangere
1019 1714 1115 1774 eura,

238 1787 329 1853 Tuuc
355 1789 433 1853 mihi
460 1793 633 1875 perpetuis
660 1790 780 1877 vigiles
806 1810 1017 1877 corrumpere
1045 1791 1158 1872 donis,

239 1883 302 1950 Fas
327 1886 433 1968 foret,
461 1893 495 1952 et
520 1886 606 1951 dulci
632 1908 798 1975 gemerem
825 1908 945 1952 secura
970 1888 1094 1953 dolore.

239 1984 336 2048 Nunc
359 1991 438 2048 tanti
465 1987 582 2050 famam
601 1985 687 2050 'lacti
714 1985 908 2070 laudemque
932 1985 1104 2070 Josephus

239 2081 405 2164 Abstulit,
431 2091 473 2147 et*
489 2082 575 2147 dulci
602 2090 716 2149 merito
741 2083 893 2150 fraudata
917 2090 1097 2171 magistro,

237 2181 331 2249 Dona
354 2179 424 2244 fero
453 2201 556 2246 vacuo
583 2203 644 2246 non
671 2183 858 2268 profectura
882 2181 1072 2266 sepulchro.

334 2372 429 2438 Talia
455 2377 587 2440 turbato
614 2397 724 2441 secum
753 2378 815 2440 sub
842 2383 976 2459 pectore
1003 2376 1140 2442 volvens

236 2471 278 2534 Et
305 2470 424 2536 nullam
450 2471 570 2536 domini
592 2474 660 2557 jam
688 2493 778 2558 spem
805 2485 985 2557 superesse
1010 2472 1141 2540 videndi

235 2569 311 2652 lpsa
338 2569 402 2632 sibi
429 2569 575 2656 tingens,
603 2576 689 2635 vitae
715 2578 869 2654 pertaesa
895 2575 1034 2658 suique,

236 2664 286 2730 Ad
311 2665 427 2730 tumuli
455 2666 543 2732 letus
567 2668 738 2734 exhaustis
758 2667 826 2753 jam
853 2669 978 2733 viribus
1003 2691 1105 2756 aegra

236 2765 435 2845 Procubuit,
459 2764 678 2852 lacrymisque
702 2766 852 2850 madens,
878 2789 962 2833 nunc
984 2769 1120 2834 aethera
1143 2777 1177 2834 et
1198 2775 1291 2854 ipsos

237 2862 389 2947 Depositl
416 2869 497 2927 tanti
525 2864 646 2930 oblitos
673 2871 704 2931 in
733 2865 844 2930 sidera
867 2865 942 2930 fixis

235 2959 428 3026 Luminibus
455 2960 550 3026 divos
577 2962 705 3046 culpat,
731 2985 816 3029 nunc
842 2963 983 3028 devovet
1008 2968 1069 3026 atri

236 3057 393 3123 Artifices
419 3058 558 3126 sceleris
587 3059 834 3145 violatoresque
858 3060 1035 3144 sepulchri.

236 3154 395 3221 Solicitue
423 3157 576 3242 quicquid
603 3163 768 3242 mentique
796 3157 968 3243 oculisque
995 3163 1153 3238 recurrit,

236 3252 363 3318 luvadit
389 3253 481 3318 duris
507 3254 698 3339 laceratque
725 3261 860 3321 incensa
886 3254 1043 3339 querelis.

334 3446 430 3510 Nune
455 3450 553 3530 mihi,
578 3472 661 3515 nune
687 3449 823 3514 sordent
849 3469 956 3514 rerum
982 3469 1195 3534 quaecunque
1220 3453 1363 3513 creatrix

237 3543 396 3624 Protulit,
424 3557 480 3609 aut
505 3546 666 3631 reliquum
693 3555 807 3611 natura
831 3546 1009 3633 profundet
1033 3553 1065 3612 in
1092 3565 1218 3611 aevum.

237 3639 355 3704 Omnia
379 3661 450 3704 uam
474 3643 577 3707 celeri
601 3652 739 3728 pereunt
764 3650 936 3710 nascentia
962 3645 1051 3726 fato,

236 3737 281 3803 Ut
306 3746 450 3801 marcent
476 3739 626 3823 aquilone
654 3765 771 3826 rosae,
800 3750 834 3807 ut
858 3743 996 3826 delapsa
1021 3762 1080 3824 per
1105 3761 1204 3806 auras

237 3835 342 3901 Stella
368 3834 455 3900 cadlt
481 3836 692 3923 stridensque
715 3841 804 3905 Noto
831 3847 982 3923 rapiente
1008 3843 1138 3924 sagitta.
1283 3907 1288 3910 ,

235 3933 307 3999 Nec
334 3940 507 4020 quiequam
532 3955 573 3999 ex
599 3935 667 4000 illis
691 3944 862 4020 superent,
889 3941 953 4000 nisi
982 3934 1091 4000 luctus
1116 3947 1150 4001 et
1174 3943 1292 4023 ingens

236 4031 449 4116 Ludibrium,
475 4037 585 4098 irrisis
611 4034 696 4121 quod
724 4034 817 4122 legat
843 4033 1028 4098 amantibus
1054 4038 1127 4118 ipsa

237 4129 323 4214 Spes
351 4131 493 4196 duraturi
519 4129 621 4200 fallax
650 4143 685 4198 et
710 4131 797 4198 falsa
823 4132 962 4196 decoris.
