3056 4758
639 237 882 292 cumeumnos
988 217 991 224 ’

217 421 355 488 0btexit
380 428 473 506 ponis
498 428 612 508 specie
637 422 811 508 laticisque
834 421 962 508 Lycei,

217 520 299 585 Nam
326 521 400 586 fidei
426 527 458 586 in
485 525 652 603 meritum,
678 521 951 606 formidantisquc
978 517 1081 604 palati

216 618 336 682 Libere
363 620 532 684 humanam
562 623 694 702 propria
719 619 780 684 sub
807 622 949 704 imagine
974 635 1127 700 caruem,

216 715 411 797 lllecebras,
437 717 550 783 eadem
577 717 696 797 facies,
723 735 824 800 sapor
850 723 884 778 ci
909 712 1002 778 color
1025 713 1131 796 idem,

216 814 282 878 (lui
307 815 370 878 luit
395 823 487 895 anie,
513 819 638 892 manet,
665 812 725 876 sed
752 817 860 899 signis
886 810 1082 880 CHRISTUS
1112 818 1142 876 in
1170 811 1237 878 illis

216 911 291 994 lpse
318 917 388 976 suis
414 931 492 976 sese
513 909 666 973 inanibus
695 908 882 973 venerabile
908 907 1025 972 donum

216 1009 341 1073 Dividit
369 1015 398 1072 in
422 1011 552 1088 socios,
580 1025 640 1070 neo
667 1006 799 1092 dividit,
825 1006 939 1070 umbre
963 1005 1100 1069 latentis
1174 1053 1178 1060 .

216 1106 362 1192 Utraque
388 1102 559 1184 dividitur,
586 1111 694 1168 manet
721 1109 849 1192 integer
873 1102 930 1167 ille
957 1102 1019 1166 suli
1044 1102 1186 1184 umbris,

217 1203 378 1268 Mortales
405 1200 525 1265 fallens
553 1200 668 1266 oculos
693 1211 727 1264 et
752 1209 889 1287 pectora
913 1219 1074 1284 pascens:
1131 1229 1136 1236 ·

217 1299 326 1384 Atque
353 1305 541 1364 immutatos
567 1303 597 1362 in
627 1319 665 1362 se
691 1298 856 1375 (mirabile
883 1297 986 1388 dicto)
1146 1286 1149 1292 ’

219 1399 432 1462 convivarum
460 1402 585 1462 animos
612 1401 684 1480 ipse
710 1394 924 1484 immutabilis
947 1394 1034 1459 alma

218 1493 258 1558 Vi
285 1501 450 1580 penetrat,
474 1501 628 1581 ¹vegetat,
656 1483 761 1560 radiis
784 1493 949 1576 illustrat,
975 1511 1118 1556 amorem

217 1591 372 1657 Aetheris
400 1598 563 1676 inspirans
589 1597 673 1675 rapit
697 1598 730 1656 in
757 1591 937 1674 coelestin,
963 1594 1058 1677 pigro

218 1691 353 1778 Frigore
381 1697 554 1754 concretos
581 1695 701 1754 animet
724 1697 884 1773 sanatque
909 1687 1077 1772 fovetque·

217 1786 292 1852 Non
319 1787 415 1852 aliter
442 1808 536 1872 quam
561 1806 637 1850 eum*
659 1807 757 1850 cerae
783 1785 905 1872 liquido
932 1790 1009 1872 igne
1035 1783 1169 1849 solutae

219 1886 305 1950 (luis
333 1905 438 1949 ceram
461 1904 562 1966 super
586 1883 742 1968 infundit,
770 1881 927 1949 evalescit
952 1887 983 1946 in
1012 1902 1106 1946 anem

219 1981 364 2069 Utraque
391 2003 499 2046 massa
525 1981 646 2060 facem,
673 1981 726 2045 vel
753 2005 824 2048 cum
851 1979 1070 2064 penetrabilis
1095 1981 1183 2064 ignis

219 2081 284 2144 Per
307 2082 430 2146 serrum
458 2085 643 2159 insinuans,
669 2079 767 2164 pulsa
791 2079 961 2166 rubigine,
987 2077 1093 2142 lucem

219 2177 436 2264 Virtutesque
462 2199 541 2242 suas
568 2176 777 2263 rapidumque
805 2175 1027 2242 accommodat
1049 2183 1188 2240 ocenum

315 2372 439 2438 Vitalis
466 2371 616 2436 Paradisi
642 2373 740 2436 arbor
766 2370 967 2456 delapsaque
994 2370 1089 2435 coelo

223 2470 360 2550 Manna,
387 2469 536 2533 laborato
563 2490 624 2552 per
649 2487 784 2532 amoena
809 2474 936 2533 rosaria
961 2466 1059 2533 nelle

223 2566 374 2647 Dulcior,
400 2572 554 2630 extrusae
579 2570 677 2630 siccis
703 2584 722 2628 e
747 2564 883 2650 rupibus
910 2563 1032 2648 undae,

221 2663 290 2729 lllel
315 2663 483 2728 donathae
509 2683 669 2728 renovans
696 2663 812 2728 oeulos
838 2673 873 2727 et
898 2663 983 2728 dona
1008 2661 1117 2728 leonis

223 2760 349 2827 Mellea
374 2768 467 2844 rapta
492 2766 556 2843 ori,
584 2762 762 2828 'lhesbitce
790 2777 902 2826 mensa
927 2781 987 2846 per
1013 2779 1112 2826 aures

224 2860 391 2947 Aligerum
417 2859 528 2923 delata
553 2880 647 2926 manu
674 2865 834 2943 panisque
859 2863 984 2943 potenti

223 2957 422 3022 Coelicolum
449 2957 576 3021 Domini
603 2977 661 3041 per
687 2957 851 3041 inhospita
877 2956 973 3020 devio
1000 2963 1077 3019 nutu

223 3056 353 3120 lnvitati
379 3055 485 3118 avidis
513 3054 602 3140 vulgi
628 3055 690 3118 sub
716 3053 866 3118 fascibus
892 3060 1026 3134 suctus,

222 3153 347 3240 Magne
374 3153 453 3216 licet
477 3157 657 3236 meritaque
682 3161 852 3216 aeternum
879 3149 1147 3215 laude'cauecda

222 3249 361 3314 Munera
387 3251 550 3334 divinique
575 3253 721 3335 ingentia
747 3248 896 3332 symbola
922 3251 1059 3327 amoris,

223 3345 349 3409 Eximio
377 3355 499 3412 tantum
527 3366 659 3410 mensae
685 3344 877 3410 immortalis
904 3347 1030 3408 lionore

224 3440 402 3523 Decedunt,
429 3453 581 3528 quantum
604 3447 677 3527 ipse
694 3444 855 3508 hominum
872 3450 966 3528 pater
987 3450 1021 3506 et
1042 3459 1196 3524 superum
1220 3461 1278 3507 rex

224 3537 332 3602 Altior
357 3539 596 3627 Aligerirmqne
622 3541 852 3628 hominumque
876 3539 1006 3606 excedit
1033 3540 1201 3604 honorem.

322 3732 396 3796 (lua
421 3738 470 3812 te,
499 3753 563 3816 qua
588 3735 765 3816 celebrem,
793 3737 902 3801 divina
928 3741 1091 3819 potentia,
1118 3732 1233 3797 laude!

225 3833 319 3897 (luae
341 3837 421 3894 nutu
449 3830 568 3894 artifici
594 3831 770 3918 divumque
795 3835 1022 3915 hominumque
1047 3833 1216 3915 parentem
1238 3875 1241 3882 ·

224 3930 348 3994 Tritioii
374 3932 493 4015 exiguo
520 3925 644 3993 claudis
670 3930 732 3994 sub
759 3931 919 4017 fragmine
945 3935 1050 4012 panis.

226 4027 301 4091 auo
327 4033 378 4110 tc,
406 4047 484 4113 spes
510 4026 690 4108 hominum,
718 4034 841 4092 aeterni
870 4025 1044 4111 Sapientia,
1060 4031 1182 4111 petris,

228 4125 302 4190 (iun
329 4131 410 4190 sctis
436 4148 494 4191 ore
520 4125 648 4192 cenam!
674 4145 759 4210 quae
790 4125 908 4192 rnundn
932 4130 1062 4212 utrique
1085 4124 1279 4209 stupendum
