3082 4746
652 223 892 282 centemnens

228 409 387 476 Luctibus
411 414 555 496 antiquis
573 409 680 494 jussit
707 411 876 493 praeferre
900 409 1043 478 doleres.

228 508 413 574 dilectibus
439 511 536 574 animi
563 512 646 573 varii
671 513 857 594 mixtaeque
881 517 1067 598 gementum

171 607 174 612 ’
227 605 467 691 Ridentumque
491 611 575 672 viam
602 611 739 693 carpunt
764 627 823 690 per
850 614 992 692 compita
1016 607 1142 675 turbae.

227 702 288 767 His
312 703 569 792 dirumplorare
595 698 690 768 nefas
717 703 925 790 celeremque
949 711 1094 770 tonantis

227 799 415 866 Formidare
442 821 588 883 manum,
616 799 707 887 vulgi
732 821 809 884 pars
832 807 968 868 maxima
994 809 1131 868 saevis*

226 897 405 964 Leviadum
433 899 554 963 studiis
577 902 693 962 insano
719 897 876 965 accedere
903 899 1030 984 plausu.

227 995 311 1062 Sunt
335 1001 432 1061 etiam
458 997 615 1074 (humano
640 993 745 1060 furias
771 1003 821 1062 tot
845 1017 982 1083 corpore
1008 997 1142 1065 clausae

227 1091 313 1158 Esse
338 1099 453 1179 putes)
479 1114 562 1180 quos
588 1091 678 1160 nulle
703 1093 811 1160 odium
836 1094 1018 1160 naturabile
1043 1115 1151 1182 poena

227 1189 394 1256 Sollicitat
420 1193 538 1277 capere
563 1189 789 1273 antelucnm,
817 1199 1020 1278 propiusque
1046 1195 1108 1260 sub
1135 1200 1207 1280 ipen

226 1287 369 1353 Brachia
394 1286 508 1352 feralis
535 1293 641 1354 trunci
667 1288 866 1373 succedere,
895 1297 932 1355 ut
958 1292 1067 1375 boati,

227 1384 382 1465 Scilicet,
408 1384 507 1450 affixo
532 1394 635 1471 atque
659 1391 798 1452 animam
823 1387 885 1452 sub
909 1395 1013 1456 morte
1039 1389 1179 1456 trahenti
1271 1425 1279 1452 ι,

226 1481 390 1547 insultent
414 1493 448 1547 et
472 1487 504 1546 in
527 1505 567 1548 os
590 1483 681 1550 diras
703 1482 923 1572 meditataque
943 1485 1069 1570 jacient

227 1578 412 1662 (Horresco
439 1581 605 1659 referens)
632 1580 758 1646 rabidis
776 1589 930 1658 ¹convitia
955 1583 1089 1673 linguis.

131 1689 133 1700 ‘
226 1675 291 1741 Ast
306 1677 391 1760 alii,
419 1685 515 1744 notae
538 1698 703 1745 memores
726 1683 875 1763 virtutus,
902 1686 1029 1768 inipso
1147 1739 1149 1744 .

226 1773 385 1864 Prodigia
410 1795 530 1842 occasu
556 1798 618 1841 non
644 1777 803 1842 interiora
827 1785 973 1862 peractis

92 1919 97 1928 .
225 1870 342 1939 Afforc
368 1873 546 1958 sperabant
571 1881 605 1940 et
631 1889 694 1940 nan
721 1879 802 1954 sine
818 1880 949 1942 numine
975 1880 1122 1942 mortem.

324 2067 387 2133 Vix
413 2074 545 2133 moesto
569 2073 719 2134 comitum
745 2074 875 2136 interea
899 2071 1099 2137 circumdata
1123 2077 1221 2136 coetu

228 2163 330 2254 Virgo
355 2185 476 2250 perena
502 2187 614 2232 muros
638 2172 791 2254 ingratae
813 2173 993 2234 intraverat
1017 2169 1130 2252 urbis,

227 2265 306 2329 Cum
329 2269 414 2328 tanti
439 2285 502 2330 nou
529 2265 617 2330 fama
642 2264 734 2347 mali,
763 2264 822 2330 scd
848 2271 968 2330 oertior
993 2265 1110 2331 author

226 2361 353 2426 Detulit
380 2359 516 2426 Ausonii
543 2360 706 2426 crudelem
726 2360 847 2446 judicie
874 2383 997 2429 urnam.

225 2457 389 2545 Ingemuit
414 2461 561 2544 graviter
584 2463 746 2524 miserans
772 2468 872 2546 atque
897 2466 966 2524 icta
989 2457 1122 2540 dolore,

226 2555 301 2620 Non
327 2561 436 2619 tamen
463 2557 568 2620 evicta
593 2562 663 2638 est,
690 2577 751 2620 nec
776 2562 842 2621 nati
868 2557 969 2621 oblita
993 2561 1122 2642 suique.

225 2651 376 2737 Namque
400 2655 497 2715 animi
523 2671 696 2740 praesaga,
722 2652 835 2720 eadem
858 2674 970 2720 seeum
992 2657 1066 2740 ipsa
1091 2651 1274 2734 revolvens,

224 2748 300 2815 dam
326 2747 452 2833 pridem
477 2755 580 2816 certis
608 2751 813 2835 praeviderat
838 2758 944 2818 omnia
969 2754 1107 2838 nignia-

225 2845 317 2933 Ergo
342 2851 405 2910 iter
431 2850 633 2930 incoeptum,
661 2849 787 2913 frustra
812 2850 980 2916 obnitente
1008 2848 1157 2928 duanae,

225 2942 269 3007 lu
293 2947 444 3009 comitum
469 2946 583 3010 verbis
605 2943 825 3030 lacrymisque
849 2952 982 3012 immota
1005 2965 1157 3010 sororum

225 3039 392 3124 Maturat,
419 3048 572 3128 quantum
598 3061 764 3128 generosa
786 3043 947 3110 modestia
971 3047 1106 3106 matrem

225 3136 424 3206 Accelerare
449 3143 551 3224 sinit3
578 3139 750 3222 turbisque
776 3143 920 3204 immista
945 3137 1111 3216 (labantes

226 3234 409 3324 Ingeminat
432 3241 525 3302 vires
548 3235 656 3317 amor]
680 3235 719 3299 ad
748 3241 915 3320 praetoria
940 3233 1045 3300 tendit

225 3331 334 3400 Multa
358 3354 495 3422 gemens
521 3335 730 3418 gemitusque
757 3351 861 3396 noros
887 3330 1058 3398 effundere
1081 3347 1253 3416 quaereus.

323 3524 367 3590 Ut
392 3526 505 3611 procul
531 3529 658 3608 aspexit
685 3523 781 3590 ferali
808 3524 976 3590 horrentia
1000 3531 1090 3590 serto

224 3624 388 3706 Tempora
413 3641 641 3709 purpureaque
668 3622 822 3688 humeros
849 3623 910 3689 sub
934 3630 1032 3689 veste
1056 3621 1216 3704 latentes,

225 3719 406 3806 lmprovlso
431 3721 545 3785 habitu
569 3719 717 3804 turbata,
744 3742 928 3809 agnoscere
954 3728 1064 3789 natum

224 3817 303 3902 lpsa
329 3837 424 3882 sunm
451 3817 577 3882 dubitat
601 3816 804 3906 deceptaque
829 3818 950 3886 lumina
976 3817 1090 3884 eredit.

223 3914 345 3981 Verum
372 3915 426 3980 ubi
447 3913 518 3999 jam
543 3919 677 4000 propior
702 3915 776 3982 fidis
801 3915 936 3980 liventia
961 3919 1066 3980 cernit

225 4008 375 4076 Membra
401 4011 508 4078 oculis
532 4033 707 4098 roseoque,
720 4013 894 4078 undantem
919 4017 1082 4099 sangnine
1106 4010 1246 4078 vultum:
