3082 4746
674 249 916 302 CHRlS'PlADOS

249 435 387 517 Fumat,
414 445 448 500 et
473 440 628 500 invictum
655 436 740 500 mala
764 439 937 520 concoquit
960 438 1068 497 omnia
1094 441 1222 518 pectus.

250 536 279 599 0
309 533 464 598 animum!
490 556 509 596 o
533 533 676 616 vultum,
704 535 836 599 orbatas
862 538 915 619 qui
941 531 1078 595 flectere
1104 535 1209 618 tigres

250 634 370 699 Posset
395 639 429 696 at
455 630 631 696 indomitas
657 638 688 697 in
715 651 825 696 mores
852 649 972 718 cogere
995 629 1126 714 lynces!

248 729 412 816 Lyncibns
438 735 473 793 et
497 727 609 808 lictor,
637 728 736 794 foetis
763 737 798 792 et
819 729 962 814 tigribus
989 727 1080 791 orbis

248 827 399 908 Saevior,
426 831 554 891 irrisum
580 826 745 894 CHRISTI
770 830 890 890 virtute
917 824 1046 890 silentis‘

249 924 333 991 Sese
359 922 519 1010 indignari
545 929 776 1008 contentaque
800 922 907 1010 flagra
928 920 1050 986 dolere.

251 1020 359 1108 Atque
384 1019 460 1084 ideo
486 1025 632 1106 requiem
658 1020 812 1086 membris
837 1020 1014 1084 liventibus
1041 1039 1144 1108 aegre

249 1119 474 1199 Concessere,
502 1137 580 1181 suas
606 1122 706 1183 sociis
732 1119 806 1183 dum
830 1123 969 1204 quisque
995 1137 1175 1184 recensens

140 1269 145 1276 .
249 1214 421 1279 Collaudat
447 1212 566 1300 plagas
592 1220 747 1300 viresque
775 1224 808 1280 et
832 1216 966 1281 brachia
985 1213 1098 1297 jactat.

248 1311 330 1377 Mox
355 1316 472 1376 iterum
498 1317 622 1376 insanis
650 1312 776 1377 alacres
800 1334 838 1378 sc
864 1314 1049 1377 hortatibus
1076 1320 1194 1400 urgent

248 1409 433 1475 lnstaurarc
456 1408 566 1474 scelus
592 1410 754 1490 (dammas
781 1411 971 1476 ardentibus
997 1409 1117 1474 addunt

247 1508 412 1572 immistae
438 1507 590 1572 Baratbri
617 1513 748 1595 pestes]
778 1517 1007 1593 tormentaque
1034 1507 1114 1572 diris

190 1592 200 1610 ⁵
248 1605 450 1671 Verberibus
476 1610 645 1692 graviora,
667 1605 756 1690 jocis
782 1607 946 1672 cumulare
973 1606 1120 1690 profanis

249 1703 403 1768 Certatim
429 1710 615 1788 properant.
667 1702 763 1767 Nunc
790 1704 873 1768 haec
900 1725 984 1768 nunc
1010 1702 1068 1766 illa
1093 1710 1250 1767 cruentae

249 1800 412 1865 Laetitiae
439 1807 633 1887 argumenta
661 1809 775 1885 parant
803 1808 837 1864 et
864 1800 1004 1888 plurima
1027 1807 1167 1883 mutant,

237 1897 425 1984 ¹Ingeniosa
451 1903 524 1961 novi
549 1896 687 1962 sceleris
715 1905 896 1962 commenta
921 1905 1095 1962 struentes.

248 1995 357 2082 Atque
383 1993 519 2080 aliquis:
544 1994 697 2077 vidistis,
724 2001 786 2075 ait,
813 2017 878 2080 qua
903 2005 997 2062 veste
1025 2003 1191 2081 tyrannum
1317 2041 1321 2048 .

247 2092 397 2159 Herodes
422 2090 567 2159 velutin
594 2097 689 2178 patrii
716 2094 878 2180 suffragia
900 2099 993 2180 regni

247 2191 369 2277 luduit3
397 2197 430 2255 et
456 2197 603 2276 quamvis
630 2191 772 2278 Caiphae
799 2199 998 2277 sanctusque
1026 2200 1160 2255 senatus

247 2288 437 2376 Linigerum
465 2295 582 2354 merito
607 2294 730 2375 sceptri
756 2288 931 2352 contendat
957 2289 1080 2352 honore

246 2386 471 2449 Praestantem
497 2385 650 2448 fraudare
676 2390 781 2449 virum
807 2390 968 2471 regnique
995 2403 1167 2468 capacem:

246 2481 320 2544 Nos
343 2487 451 2542 tamen
480 2479 623 2544 Herodis
645 2480 748 2564 justis
774 2480 932 2546 accedere
959 2487 1045 2544 votis

248 2578 513 2662 Purpureamque
540 2576 635 2642 decet
660 2576 837 2662 clamydem
864 2576 1030 2664 clarisque
1057 2599 1209 2646 coronam

246 2675 419 2741 Baccatam
443 2680 582 2760 gemmis
606 2679 767 2761 patriique
793 2679 935 2762 insignia
960 2681 1082 2760 sceptri

246 2770 417 2856 Redderc3
442 2771 561 2837 dicenti
587 2772 805 2860 applaudunt,
838 2783 873 2838 et
900 2772 1025 2838 ludicra
1050 2779 1191 2858 quisquc

247 2870 407 2934 Continuo
434 2875 576 2956 exquirit
602 2891 722 2936 scenae
751 2879 937 2936 ornamenta
962 2871 1103 2936 futurae.

247 2968 437 3032 coccineam
465 2967 518 3032 bic
540 2969 668 3053 profert
690 2973 848 3050 tunicam,
876 2989 959 3054 quae
983 2967 1091 3032 nobile
1117 2967 1232 3032 blattis

246 3064 431 3150 Hospitium
459 3065 617 3151 quondam
642 3072 675 3129 ct
696 3071 794 3128 tineis
824 3065 1001 3149 praebebat
1027 3072 1153 3150 opimas

245 3162 479 3248 Depopulanda
508 3164 629 3249 dapes,
657 3183 740 3228 nunc
766 3161 902 3226 vulnera
928 3162 1053 3226 hiantia
1078 3184 1182 3247 panno

244 3261 411 3348 Degeneri
436 3268 574 3325 consuta
598 3263 683 3345 tegit
710 3279 884 3324 numerosa
910 3265 1054 3325 cicatrix.

245 3358 395 3444 Porrigit
422 3357 474 3419 iric
499 3361 651 3421 miserum
677 3361 708 3418 in
735 3363 897 3442 sceptrum
924 3356 1038 3444 regale
1064 3357 1249 3436 flabellum,

245 3452 306 3517 llic
332 3453 439 3517 olidae
464 3450 613 3516 baculum
641 3452 827 3519 decoratum
853 3467 996 3540 syrmate
1025 3455 1150 3540 vulpis,

245 3548 340 3613 Alter
361 3550 566 3614 arundineam
594 3548 718 3614 nodoso
745 3556 866 3618 cortice
894 3557 1057 3618 carinam(

244 3645 337 3710 Haec
357 3646 495 3734 placuit,
520 3653 670 3732 quoniam
698 3649 809 3714 sterili
836 3649 1030 3716 infoecunda
1056 3648 1198 3715 medulla

245 3743 286 3810 Et
309 3743 453 3831 fragilis,
480 3763 592 3832 regem
619 3745 753 3811 cerebro
781 3767 949 3835 regnoque
975 3754 1138 3813 carentem

244 3841 413 3928 Signabat.
464 3841 586 3906 Fasces
613 3841 696 3908 alios
722 3844 888 3929 praeferre
917 3843 1047 3908 viderer

242 3937 408 4003 Lictorum
436 3943 467 4004 in
494 3945 655 4025 speciem,
684 3947 775 4007 nexis
804 3940 877 4003 binc
902 3940 976 4005 inde
1001 3940 1164 4030 flagellis,

243 4033 338 4098 (luae
364 4057 462 4102 roseo
488 4038 653 4108 Gfluisrl
679 4036 848 4103 stillabant
870 4042 971 4102 tincta
997 4059 1126 4103 cruore.

242 4129 392 4217 Denique
413 4132 482 4217 jam
508 4133 645 4220 reliquis
668 4132 800 4198 infanda
824 4133 863 4198 ad
889 4143 967 4200 vota
992 4137 1155 4219 repertis,
