3076 4744
128 241 263 292 roe-rro
682 233 791 287 uinus
812 233 832 287 1.

211 421 362 501 Interea,
388 425 421 484 et
445 417 559 484 dulces
584 418 689 486 aridia
714 417 882 485 accendite
907 419 1027 486 luctus.
1105 463 1109 472 ι

211 519 299 584 Huic
324 523 416 602 open·
442 537 589 601 merces,
615 523 743 583 meritis
769 517 822 582 bis
848 521 994 603 praemia
1015 517 1150 582 stabunt

152 701 154 704 Ι
212 615 299 700 Spe,
327 619 432 696 votis,
458 613 641 699 desiderio,
671 613 803 698 majora.
856 613 1050 699 Relinquam

212 713 289 799 lpse
314 717 378 778 mei
402 719 568 778 aeteruum
593 722 850 794 monumentum,
876 733 915 776 cc
940 717 1061 800 pignus
1087 717 1207 776 amoris

212 809 363 875 Vallibus
389 811 464 875 bis:
490 809 614 876 virides
640 816 777 898 sanguis
802 831 896 882 meus
922 810 1046 874 imbuet
1069 829 1180 896 agros.

210 907 339 972 Deinde
365 906 555 993 triumphali
580 909 747 974 rediturus
770 913 805 973 iu
831 907 971 972 aethera
995 927 1128 994 pompa,

211 1005 331 1070 Ultima
355 1004 517 1071 Olirifero
542 1011 686 1094 vestigia
709 1005 850 1071 culmine
875 1004 987 1092 figam.

210 1104 298 1169 (inin
324 1107 424 1168 etiam
449 1103 588 1168 flammis
614 1109 761 1191 perituro
788 1101 973 1166 ultricibus
986 1102 1056 1166 orbi

209 1201 290 1266 Cum
315 1220 471 1284 suprema
496 1206 568 1265 suis
593 1201 740 1269 inclusos
769 1205 866 1265 eruet
890 1207 982 1264 artus
1047 1245 1050 1254 .

209 1299 283 1362 Lux
309 1302 420 1362 oriens
448 1298 582 1364 tumulis
593 1322 606 1385 3⁴
631 1298 812 1365 redivivum
837 1317 859 1360 a
886 1292 1001 1362 funere
1030 1296 1180 1362 murrdum

209 1394 279 1460 llas
302 1394 409 1479 judex
430 1415 551 1483 cogam
575 1403 606 1460 in
633 1396 757 1478 valles,
784 1396 838 1459 bi's
863 1391 1008 1460 restibus
1036 1404 1127 1460 utar:

209 1492 434 1557 infortunati
463 1512 588 1557 summo
615 1515 719 1580 super
744 1497 823 1558 altre
848 1499 967 1556 montis
998 1495 1003 1504 '
1109 1491 1123 1546 I-

208 1587 377 1676 Supplicia
401 1593 557 1676 ingratia,
584 1599 691 1680 gratia
716 1595 779 1657 sua
804 1595 949 1677 proemia
974 1589 1117 1654 reddam.
1150 1585 1166 1618 ’·

308 1783 415 1849 Dixit:
442 1791 477 1850 et
496 1784 584 1852 ir'and
603 1786 733 1853 dubiam
754 1795 786 1854 in
802 1793 937 1853 mortem
953 1784 1262 1873 vestigimtendens,
1297 1804 1300 1815 ¹

207 1881 391 1967 Intrepidus
416 1890 558 1948 maturat
580 1890 660 1968 iter,
684 1894 857 1972 motaeque
881 1889 1089 1972 propinquat„

306 1978 464 2043 Vendieat
491 1989 647 2046 aeternae
673 1989 791 2049 merito
817 1987 994 2067 praeconia
1015 1980 1140 2058 famae,

86 2072 91 2090 “
213 2071 393 2155 Subjeetus
418 2074 572 2156 Solymae
598 2097 750 2160 campus,
781 2077 937 2141 viridaria
960 2076 1101 2140 lundens

214 2167 383 2248 Daedale,
407 2173 640 2254 spirantesque
666 2173 764 2236 beato
793 2177 940 2256 germine
965 2170 1082 2234 vallos.

212 2263 289 2329 Nou
313 2264 409 2329 oliam
438 2271 546 2329 terrae
568 2275 693 2350 partem
718 2268 868 2332 faelicior
892 2267 994 2330 ambit

212 2361 394 2444 Luxuries,
419 2360 603 2447 florumque
629 2363 745 2445 decor,
774 2365 945 2450 faciesque
971 2362 1132 2430 colorum:

212 2457 381 2544 Hyblaeos
406 2464 555 2544 quamvis
575 2459 681 2542 jactet
705 2462 875 2526 Trinacria
902 2469 1047 2543 montes,

212 2556 407 2642 Alcinoique
435 2555 566 2639 hortos,
593 2567 628 2624 et
650 2559 818 2624 custodita
843 2558 985 2622 Draconi

213 2652 363 2718 Gramina
388 2660 524 2721 victuris
548 2657 748 2722 commendet
773 2656 912 2720 Graecia
937 2655 1073 2720 chartis.

211 2750 413 2838 Praecipue,
428 2771 504 2837 uua
528 2751 704 2818 Cedrorum
729 2753 931 2818 interclusus
953 2772 1090 2817 amoeno

212 2847 365 2928 Caruere,
390 2868 453 2914 ceu
478 2846 707 2934 Labyrirrtbeis
733 2849 937 2936 amplexibus
961 2866 1076 2914 errans

211 2943 530 3010 Faecuudat.vallcs
557 2953 707 3028 torrens,
734 2955 768 3010 et
793 2945 905 3010 sidera
928 2946 1045 3009 dorum

211 3042 376 3107 Provocat
401 3041 590 3124 illecebris,
617 3063 770 3126 numero,
801 3043 893 3124 luce,
920 3041 1050 3123 ordine,
1078 3037 1166 3104 cultu

210 3139 405 3225 Hortorum3
431 3160 570 3225 quorum
595 3140 651 3204 ille
678 3142 754 3205 mibi
782 3141 1023 3227 pulcherrimus
1048 3159 1150 3221 unus,

210 3235 334 3301 illontia
360 3236 495 3321 Oliveti,
524 3259 620 3322 quem
646 3239 707 3304 sub
732 3239 859 3304 devexa
877 3236 1042 3321 jacentem

211 3331 433 3398 Gethsemana
458 3340 580 3422 insigni
606 3336 759 3420 producit
783 3342 816 3400 in
842 3336 979 3400 aethera
1002 3335 1097 3400 foma.

210 3431 285 3496 Non
315 3439 425 3496 terrae
452 3437 601 3520 ingenio,
628 3453 688 3499 non
716 3432 973 3498 versicoloribus
1000 3432 1123 3498 umbris
1262 3449 1265 3456 ⁴

210 3527 405 3612 Artificique
430 3549 543 3615 manu3
570 3528 628 3595 sed
654 3530 831 3614 Majestaie
859 3528 991 3598 verendi

211 3624 381 3710 Hospitis:
408 3633 506 3712 atque
531 3626 590 3691 illo
616 3647 682 3714 quo
707 3628 783 3692 flexi
811 3627 948 3713 poplitis
975 3633 1069 3691 antro

209 3721 377 3806 lmpressa
402 3723 592 3790 incumbens
617 3731 762 3813 vestigia
786 3724 899 3809 liqultr
927 3731 960 3789 et
984 3724 1053 3790 illis

211 3819 305 3886 Quos
330 3819 483 3906 lacrymis
509 3827 647 3908 sparsit,
674 3843 758 3908 qrros
782 3827 878 3886 tinxit
903 3828 1065 3909 sangnine
1088 3822 1197 3886 flores.

210 3916 356 4004 Virginis
383 3919 469 3984 buno
491 3928 588 3984 uatus
611 3928 791 4005 (nunquam
816 3919 896 3985 beu!
926 3920 1110 3998 rediturus)
1135 3922 1166 3981 in
1192 3915 1322 3982 bortum

210 4015 419 4102 ingrediens,
444 4021 595 4106 geminos
621 4017 749 4083 undeno
774 4039 816 4083 ex
842 4023 973 4106 agmine
998 4018 1139 4094 fratros,

212 4112 307 4180 Quos
332 4113 485 4180 Zebedeo
509 4120 624 4202 genuit
647 4114 807 4184 faecunda
832 4113 982 4194 Salome,
