3056 4758
96 229 230 280 alo-uti
286 280 289 286 f
633 225 742 280 uisura
767 226 825 278 XV.

186 409 293 494 Atque
320 411 393 474 ideo
419 415 639 494 omnipotens,
667 410 746 498 ligni
773 409 882 476 vitalis
908 410 1028 476 acerbo

184 508 396 590 compositus
421 507 585 590 thalamo,
611 509 707 575 ferali
735 507 872 592 cuspide
896 508 1042 574 dextrum

184 603 320 670 Recludi
347 605 453 671 voluit
478 604 583 688 latus,
609 615 646 672 ut
671 608 930 694 praegnantibus
957 613 1029 671 orta

184 702 211 767 Ε
239 707 318 767 rivis
344 702 496 768 satietatis
522 724 629 789 aquae
654 711 811 789 roseique
838 709 967 768 cruoris

184 799 404 866 Christiadum
429 806 573 889 genitrix
598 801 687 866 felici
714 802 870 866 educeret
892 800 957 865 alvi

184 897 332 986 Virginei
359 897 502 966 claustro
529 920 735 964 numerosam
762 897 911 964 Ecclesia
936 899 1081 984 prolem,

185 994 294 1060 Aurea
321 1015 404 1080 quac
430 1002 527 1082 patrii
551 995 708 1062 succedat
732 1003 764 1060 in
792 1001 877 1062 atria
903 995 1000 1062 coeli.

183 1092 273 1158 llaec
299 1093 355 1158 illa
381 1102 434 1160 est
460 1099 543 1159 ratis
569 1093 705 1160 dessaei
725 1100 821 1180 regia
845 1098 960 1175 turris,

184 1190 387 1278 omnigenis
408 1189 542 1278 fulgens
568 1195 687 1275 armis,
712 1210 891 1276 murosque
917 1196 1049 1273 pereuni

183 1287 334 1352 Fidorurn
362 1293 481 1354 circum
507 1289 643 1377 vigilum
670 1288 791 1356 vallata
818 1308 947 1352 corona.

182 1384 267 1449 Urba
292 1392 400 1471 pacis,
427 1392 522 1475 regni
546 1386 664 1470 sedes,
693 1386 942 1470 venerandaque
968 1393 1073 1450 mater

181 1482 361 1566 lsacidurn,
391 1506 475 1569 quos
502 1507 564 1549 uon
592 1491 699 1571 magni
724 1485 765 1548 de
791 1488 952 1570 sanguine
980 1481 1110 1548 Abrami

183 1579 364 1644 Deductnm
391 1603 498 1669 genus
525 1589 558 1646 at
583 1582 659 1647 fidei
685 1601 873 1666 morumque
900 1599 1049 1667 propago

182 1677 338 1742 lllustrat.
386 1679 471 1744 ssuid
496 1679 592 1765 plura
610 1679 759 1766 sequar?
787 1678 901 1743 domus
931 1677 990 1742 illa
1012 1676 1157 1762 Sophiae
1184 1685 1237 1740 est
1277 1715 1279 1726 ,

182 1773 310 1841 Artifici
336 1777 493 1843 fabricata
518 1797 630 1858 manu,
657 1785 848 1861 septemque
873 1775 1031 1840 columnis

181 1872 345 1955 Innitens,
373 1897 454 1961 quas
481 1873 569 1940 nulla
594 1879 657 1940 situ
685 1894 875 1960 expugnare
900 1879 1070 1957 vetustas,

183 1970 257 2035 Non
285 1977 378 2055 ipsae
405 1993 565 2038 armorum
593 1977 624 2036 ri
651 1981 823 2054 evertere,
847 1969 962 2035 fraude
988 1973 1164 2056 magistra,

183 2066 352 2136 Subruere
378 2070 495 2135 inferni
523 2079 656 2154 pestes,
682 2089 744 2133 nec
768 2070 921 2154 frangere
948 2067 1050 2136 uaros,

183 2165 337 2251 lmpietus
364 2174 486 2252 poterit
510 2166 685 2234 stimulans
709 2172 741 2232 in
766 2164 854 2231 bella
878 2177 1046 2250 tyrannos.

183 2262 317 2328 Scilicet
340 2270 501 2350 oppositis
526 2266 653 2348 quaudo
678 2271 864 2351 oppugnata
890 2267 1046 2326 cruentae

183 2361 373 2427 llaercseos
398 2368 554 2428 monstris
582 2364 854 2451 Paganorumque
881 2361 1044 2424 tarentum

183 2460 341 2524 Barbarie
367 2459 524 2547 populata
549 2469 677 2550 gemet,
703 2463 903 2524 constantior
926 2463 1034 2543 ipsum

107 2603 112 2611 -
185 2555 309 2620 Exeret
334 2563 366 2621 in
394 2556 522 2622 coelum
547 2564 665 2624 victrix
692 2567 804 2642 caput,
832 2565 933 2641 atque
965 2557 1078 2639 capaci

184 2653 376 2718 lnnurneras
400 2659 527 2740 gremio
554 2664 673 2740 gentes
698 2654 868 2740 amplexa,
894 2652 1025 2717 fovebit

184 2748 370 2814 Ambrosiis
397 2749 510 2815 dulces
534 2750 641 2836 epulis
666 2758 699 2812 et
715 2759 855 2813 nectare
882 2760 988 2813 natos.

185 2847 280 2912 ssuaa
312 2867 463 2930 mensae,
489 2867 574 2932 quae
600 2845 719 2928 fercla,
747 2846 865 2930 quibua
893 2863 1059 2928 srrspensa
1086 2843 1246 2908 columnis

184 2945 349 3010 Tartareis
376 2953 444 3010 stet
469 2942 737 3032 inexpugnabilis
762 2941 838 3006 aula
863 2949 1032 3022 cateruis,
1097 2975 1099 2984 ι

184 3041 329 3127 Eloquar
354 3051 451 3129 atque
478 3043 592 3108 avidos
620 3039 718 3106 celeri
745 3058 804 3124 per
829 3040 963 3128 singula
991 3035 1105 3101 ducam

184 3139 334 3227 Remigio
362 3161 423 3206 nec
448 3147 482 3206 te
508 3140 709 3228 ambiguum,
736 3137 934 3219 Nicodeme,
961 3131 1089 3202 tenebo.

153 3414 157 3423 ι
282 3334 443 3420 tanaisque
469 3341 501 3399 iu
527 3340 636 3402 adrias
663 3341 757 3400 vivus
783 3334 979 3419 producitur
1008 3351 1122 3413 auras,

184 3430 356 3496 Foecunda
381 3433 535 3519 gravidae
562 3439 676 3498 matris
701 3431 861 3495 formatus
883 3437 915 3495 in
942 3429 1020 3494 alvo

184 3526 352 3594 Nascitur.
404 3528 579 3594 Atratum
606 3529 789 3614 depascens
816 3533 928 3593 intima
955 3531 1045 3593 vitae

185 3622 321 3690 Occulto
347 3626 436 3692 calor
460 3632 591 3691 interea
619 3633 829 3692 consumeret
854 3634 967 3706 aestu,

184 3719 229 3784 Ni
255 3742 400 3789 cererem
427 3732 543 3788 natura
566 3744 685 3810 parcns
710 3730 884 3808 potumque
911 3728 1121 3800 ministrans,

184 3817 349 3902 Perpetuo
370 3829 460 3888 vires
486 3828 573 3887 rictu
599 3828 773 3885 revocaret
799 3819 981 3907 ademptas.

183 3912 251 3978 Sed
276 3921 389 3982 tristes
413 3919 555 3984 subeunt
579 3919 685 3983 morbi
711 3927 909 4004 tenerosque
936 3917 1051 3982 caduci

184 4011 340 4096 Corporis
365 4016 492 4080 infestis
519 4025 691 4102 penetrant
718 4016 927 4080 mucronibus
950 4021 1045 4078 artus

182 4106 280 4190 Tela,
307 4129 366 4176 rrcc
393 4117 484 4178 iratis
508 4111 626 4178 desunt
649 4120 780 4178 aconita
804 4117 973 4189 novercis,
1100 4208 1123 4273 ᾖ

1125 4209 1147 4274 2
