3082 4746
482 1337 696 1446 uissuu
745 1335 1005 1446 NONUS.

295 1778 360 1861 At
389 1809 450 1852 non
478 1791 560 1856 baec
586 1789 687 1854 nullis
712 1789 886 1873 (linumque
912 1788 1141 1874 hominumque
1166 1795 1316 1875 repertor

196 1887 410 1970 Prospicieos
432 1886 538 1952 oculis
562 1909 689 1952 somma
712 1892 891 1952 miseratus
917 1886 958 1951 ab
983 1907 1059 1951 aree
1158 1935 1164 1945 .

195 1983 352 2048 Dilectae
376 1983 536 2068 quondam
563 1990 742 2071 gentisque
766 1983 925 2066 urbisque
950 1989 1096 2066 ruinam3

198 2078 374 2166 Aligetes,
401 2079 512 2164 populi
535 2083 630 2164 queis
656 2078 733 2143 olim
761 2078 1005 2159 amiliacum,

197 2176 366 2240 infaustae
384 2173 481 2258 jubet
504 2174 667 2240 isacidum
697 2195 893 2239 succurrere
920 2180 1033 2258 stirpi,

195 2272 361 2357 Alloquiis
388 2271 531 2337 mulcere
557 2275 700 2354 animos,
726 2277 906 2359 praesagia
931 2279 1041 2336 vatum
1172 2310 1177 2318 ·

195 2368 349 2453 objicere
372 2376 469 2456 atque
495 2374 674 2434 intentatae
701 2380 893 2455 expromere
920 2389 1054 2454 poenas.

195 2467 356 2532 Continuo
382 2461 537 2550 pibturati
564 2466 605 2532 (le
629 2467 756 2532 fornice
782 2465 864 2531 caeli

195 2561 374 2628 Descendit
397 2583 574 2628 numerosa
597 2585 710 2630 manos
738 2564 916 2650 populique
941 2579 1083 2630 coronae

195 2659 349 2740 immisti,
376 2665 551 2747 accingunt
573 2668 666 2745 operi
692 2667 897 2746 aequisque
926 2665 1055 2746 piisque

195 2755 338 2822 immites
364 2761 494 2822 monitio
519 2756 674 2822 stimulos
700 2757 880 2822 obtundere
906 2765 1043 2822 certent.

294 2949 339 3015 At
364 2969 518 3034 superum
543 2954 695 3034 princeps
721 2947 885 3030 Micbaiil,
909 2953 961 3013 oni
986 2949 1101 3015 militat
1129 2955 1232 3015 omnis

197 3047 471 3131 pennipotentum
495 3051 604 3129 acies,
629 3046 758 3132 quando
789 3045 995 3110 intractabile
1020 3056 1148 3131 patrum

197 3143 367 3231 ingenium
393 3154 428 3210 et
453 3143 552 3210 nullis
579 3143 701 3232 vulgus
727 3141 914 3208 revocabile
940 3142 1020 3209 diris

196 3239 327 3325 Aspicit
353 3249 451 3328 atque
476 3261 600 3307 omnem
626 3248 778 3308 comitum
801 3240 926 3306 trustra
950 3246 997 3305 ira
1023 3239 1178 3308 laborem.

197 3336 338 3404 Siderea
357 3359 512 3424 superum
539 3359 581 3404 ex
606 3339 681 3404 aula
706 3338 885 3420 delabitur,
909 3337 1029 3404 ardena

196 3434 232 3500 Si
259 3456 324 3521 qua
348 3442 403 3502 via
428 3446 499 3519 est,
525 3434 609 3502 Latii
632 3445 773 3502 mentem
800 3437 930 3500 firmare
955 3443 1101 3521 tyranni,

195 3531 248 3598 Ne
273 3532 358 3598 laisa
382 3533 467 3599 loesi
492 3533 664 3600 tormidine
691 3535 846 3598 Caesaris
872 3540 984 3617 actus,

195 3628 393 3697 succumbat
414 3653 517 3698 saevo
543 3651 717 3717 procerum
743 3628 913 3715 plebisque
938 3632 1053 3698 lurori.

291 3823 458 3890 Ausonias
484 3813 567 3889 inter
590 3824 808 3910 pulcherrima
833 3827 974 3917 nympha
999 3823 1147 3911 puellas,

194 3920 375 3986 Nobilitate
403 3929 519 4006 potens
545 3921 730 4009 illibatiqoe
755 3921 908 4006 pudoris,

195 4017 339 4105 insignis
362 4019 449 4083 lama
474 4028 510 4084 et
534 4040 659 4088 morum
685 4020 846 4105 probitate
871 4016 1033 4100 verenda,

195 4114 303 4192 (iulia
329 4122 382 4179 cui
408 4137 541 4201 nomeu,
570 4117 730 4184 Proculae
755 4117 954 4203 cognomen)
979 4120 1010 4178 in
1038 4113 1160 4279 ruine!3
