3082 4746
633 211 876 276 GflblfflADOS

207 399 286 467 Alta
310 404 434 486 petunt.
484 398 552 466 lno
576 396 761 470 ceduntur
785 404 818 468 in
843 411 989 486 aequore
1011 403 1142 486 pisces,

207 499 250 565 Et
274 497 412 585 pavidae
438 497 589 564 obscuris
615 514 782 564 nemorum
807 496 1003 564 clauduntur
1027 503 1058 564 ιιι
1082 505 1203 582 annis,

207 597 282 662 Non
309 616 413 662 ausae
438 595 569 682 prodire
594 595 707 678 ferae,
733 596 908 682 subitaque
934 595 1098 680 sepultum

207 695 316 760 Nocte
341 692 427 760 diem
452 693 663 778 rabidamque
686 693 804 766 famem
829 692 1048 779 praedamque
1073 701 1228 782 negatam

206 791 336 858 Insania
361 791 521 880 plangunt
545 809 604 874 per
630 789 795 873 inhospita
819 789 925 856 lustra
950 791 1109 876 querelis.
1168 843 1172 852 .

206 889 287 956 idlae
314 897 442 972 autem,
469 888 580 953 densis
607 892 887 972 quas-immatura
911 888 1059 955 tenebris
1203 903 1206 912 ’

206 987 284 1052 Nox
309 986 426 1073 procul
451 1007 471 1052 a
494 982 636 1050 stabulis
660 993 808 1050 errantes
833 990 1004 1070 opprimit,
1032 989 1156 1055 umbris

208 1087 423 1170 Prospectum
448 1104 489 1148 ex
515 1081 621 1146 oculis
647 1102 773 1148 omnem
797 1085 1017 1170 rapientibus,
1043 1085 1181 1152 haerent

207 1183 409 1269 Ambiguae,
436 1200 520 1266 quae
548 1185 652 1264 prima
677 1187 807 1264 petant,
834 1201 899 1267 quo
926 1181 1042 1249 deinde
1067 1183 1233 1267 ferantur,

206 1280 413 1367 Ignaraeque
439 1283 528 1362 viae,
556 1277 630 1344 dum
656 1278 882 1360 numantina
906 1278 1065 1362 lustrant,

207 1378 387 1460 Praecipiti
409 1381 540 1463 ignotas
564 1397 667 1442 cursu
692 1381 862 1462 rapiuntur
886 1383 920 1442 io
946 1377 1046 1444 urbes

206 1476 415 1562 Pignoruque
442 1473 603 1540 horrendo
628 1479 756 1562 mugitu
783 1479 905 1540 amissa
928 1481 1106 1560 requirunt.

207 1573 398 1656 Suspensae
422 1571 529 1638 medio
554 1571 708 1638 volucres
734 1591 811 1636 sese
835 1575 916 1638 abre
941 1572 1084 1640 librantx
1168 1585 1172 1592 '

207 1670 250 1736 Et
275 1669 385 1736 charis
409 1675 550 1736 miserae
576 1668 705 1736 selecto
730 1675 898 1736 cacumina
924 1669 1008 1736 nidis

207 1767 384 1856 vestigant
408 1767 534 1833 frustra
559 1771 777 1852 quaesitaque
802 1766 923 1852 pabula
947 1772 1060 1834 curvis

207 1865 384 1931 Excutiunt
409 1869 540 1932 rostris.
592 1865 704 1951 Opera
728 1865 911 1952 interrupta
936 1872 1121 1954 gementum

208 1961 377 2028 Artificum
404 1961 556 2050 pendent.
608 1961 741 2028 Pressis
766 1960 805 2027 ad
832 1961 944 2030 dulcia
968 1968 1052 2029 natis

208 2061 334 2144 Ubera,
364 2058 516 2126 solicitae
542 2059 881 2146 mutrespalhentque'
907 2068 1107 2148 stupentque

207 2159 251 2224 Et
276 2157 408 2244 trepido
433 2158 497 2224 huc
521 2158 600 2224 ilinc
624 2158 755 2245 fugiunt
780 2178 840 2243 per
866 2179 973 2244 opaca
997 2159 1147 2224 tumultu

209 2255 253 2323 At
278 2258 398 2344 quibus
423 2261 589 2344 ingenium
614 2263 648 2322 et
673 2263 742 2322 veri
767 2257 862 2324 labor
885 2257 1071 2342 improbus,
1100 2265 1191 2322 ortus

208 2355 384 2442 Surgentis
409 2352 536 2418 Phoebi
562 2360 661 2436 atque
687 2353 798 2418 obitus
823 2373 1009 2440 cursusque
1036 2361 1173 2442 viasque

209 2450 389 2516 Astrorum-
409 2457 443 2514 et
467 2455 578 2516 varios
606 2449 696 2514 Solis
719 2450 898 2537 Lunaeque
925 2451 1058 2518 labores

208 2547 321 2614 Nosse
346 2546 435 2612 dedit
460 2544 583 2633 [qualis
610 2544 727 2612 doctae
752 2547 932 2634 Dionysius
961 2552 1053 2616 urhis

207 2646 388 2734 Egregium
414 2643 531 2726 denus)
557 2643 737 2712 horribiles
761 2650 834 2711 sine
860 2647 937 2736 iege
964 2649 1119 2714 tenebrae

208 2745 406 2824 Cernentes,
432 2748 579 2828 tantique
606 2743 734 2809 modum
758 2751 966 2833 spatiumque
994 2767 1167 2833 morasque

208 2840 376 2928 Prodigii,
403 2839 605 2925 obstupuere
629 2847 762 2925 animis,
789 2843 971 2930 mundoque
997 2863 1179 2929 supremam

208 2938 395 3005 Advenisse
421 2939 505 3004 diem
532 2939 586 3005 vel
611 2940 719 3005 mundi
745 2940 872 3006 obiisse
895 2949 1082 3025 parentem,

207 3036 393 3126 Agnovere.
444 3036 544 3102 Erebi
570 3045 684 3124 pestes
710 3045 744 3102 et
766 3043 876 3103 tristis
904 3034 1027 3103 Averni

208 3136 318 3201 Saeva
342 3155 455 3200 manus
479 3141 579 3202 terris
605 3135 763 3222 expulsa,
789 3138 960 3200 inamoena
984 3135 1135 3218 profundi

208 3232 310 3298 Antra
337 3241 481 3298 tremens
507 3237 645 3318 repetitq
671 3240 825 3316 tanquam
851 3251 1008 3319 compage
1034 3232 1146 3298 soluta

207 3331 381 3396 Extremos
408 3329 496 3394 orbiu
523 3339 639 3394 rueret
660 3328 831 3393 damnatus
856 3333 889 3392 in
919 3335 1028 3418 ignes.

207 3429 275 3514 ipsi
301 3434 399 3493 etiam
424 3427 567 3512 Caiphae
593 3433 627 3490 et
652 3429 772 3506 sociis,
799 3447 883 3510 quos
908 3427 1036 3512 impulit
1059 3436 1167 3494 atrum

208 3526 243 3590 ln
270 3525 399 3590 facinus
426 3529 511 3589 sacri
537 3529 612 3588 sitis
638 3527 800 3605 impacata
825 3529 972 3608 cruoris,

208 3622 349 3685 conscia
373 3639 465 3684 meus
492 3640 611 3685 aroana
634 3624 729 3706 gravi
754 3623 947 3706 praecordia
972 3645 1081 3690 morsu

208 3707 422 3801 Pe'rtentans‚
449 3716 558 3804 gelido
584 3722 778 3806 perstringit
801 3717 928 3808 frigore
954 3723 1096 3787 membra

209 3815 251 3882 Et
273 3812 403 3882 rabidas
429 3815 569 3884 tremula
594 3814 735 3882 occludit
759 3816 930 3885 formidine
956 3819 1081 3886 fauces

308 4009 352 4076 At
376 4031 455 4078 vero
480 4009 621 4078 infandis
647 4033 846 4100 numeroque
871 3965 1077 4097 carentibus,
1106 4035 1171 4079 ono

211 4108 350 4196 Agmine
375 4114 407 4174 in
434 4107 566 4178 affixum
592 4115 690 4197 vique
717 4111 977 4178 incumbentibus
1004 4115 1108 4194 omni,
