3076 4744
655 181 898 236 eutramnus

228 369 354 452 Arbor,
381 375 416 432 et
440 367 604 436 infaustae
627 367 729 434 nitido
755 367 817 434 sub
843 371 990 454 tegmine
1016 368 1125 456 frugis

228 468 411 533 Discrimen
435 473 539 550 recti,
565 475 601 532 ct
624 471 715 552 pravi
743 463 925 531 claudebat.
975 462 1126 531 Amantia

111 600 113 606 ·
227 565 401 651 Imperium
427 565 576 647 Domini,
602 562 757 648 facilique
783 559 931 625 obeunda
952 571 1070 646 paratu

225 661 332 729 iussa
358 672 517 750 stupens,
542 666 698 746 tenuique
723 677 843 742 operae
870 680 934 723 non
960 666 1072 725 tenuia
1098 665 1174 749 poni

226 760 397 843 Praemia,
423 781 461 826 se
486 760 554 847 legi
579 762 751 843 impositae
777 755 922 839 subjecit
947 756 1102 824 Adamus.

226 859 310 924 Tum
335 863 422 944 pacti
447 876 571 922 memor
594 853 739 918 officium
767 855 919 920 curabat:
948 861 982 919 et
1008 862 1094 920 omni

226 954 372 1038 Arbore,
399 950 560 1020 foecundo
589 971 685 1037 quam
711 951 811 1017 tellus
836 951 976 1040 prodiga
1001 963 1096 1037 partu

224 1053 410 1118 Damnabat
428 1055 575 1134 mensis,
601 1048 691 1114 ,nulio
718 1051 905 1116 discrimine
932 1071 1074 1118 vescens

225 1150 399 1216 Fructibus
426 1149 585 1213 abstinuit
610 1151 739 1212 vetitis:
766 1157 982 1234 metuensque
1008 1148 1128 1234 futuri,

224 1245 329 1310 Patali
353 1246 484 1311 charam
508 1245 700 1309 retrahebat
725 1245 766 1308 ab
791 1245 909 1309 arbore
935 1266 1101 1330 sponsam.

223 1342 358 1408 lnterca
383 1347 559 1430 ignivomis
584 1341 687 1427 rapidi
712 1341 970 1428 Phlegethontis
994 1342 1035 1407 ab
1062 1351 1165 1410 antris

223 1438 418 1505 Ambustum
445 1449 543 1524 caput
568 1438 744 1520 attollens,
771 1444 935 1524 tortisque
962 1450 1124 1507 comatum

224 1538 418 1624 Anguibus,
444 1543 588 1602 amissos
613 1536 846 1623 indignabatur
873 1536 1018 1602 honores

222 1633 375 1717 Lucifer,
398 1635 607 1718 astriferique
632 1653 770 1700 serenos
796 1633 933 1698 fornicis
957 1635 1065 1700 orbes.

223 1732 375 1817 Dumque
400 1738 454 1797 sui
481 1737 673 1816 impatiens,
699 1735 833 1795 memori
860 1751 974 1795 aecum
999 1739 1074 1817 ipse
1096 1731 1210 1798 dolore

222 1828 324 1893 Exitii
350 1849 488 1911 causas,
518 1837 618 1912 atque
646 1826 861 1903 irrevocabile
891 1827 995 1894 volvit

222 1924 383 2010 Exilium,
410 1925 644 1992 roseisdivini
669 1924 810 1990 vallibus
837 1924 924 1989 lrorti

224 2023 355 2107 Aspicit
380 2031 541 2090 errantem
564 2032 706 2105 temere,
741 2030 776 2086 ct
800 2028 871 2086 sine
898 2021 1057 2110 conjugo,
1089 2024 1279 2110 nympham,

225 2122 482 2207 Captantemque
506 2141 622 2202 auras,
649 2125 799 2205 omnique
825 2127 857 2186 in
881 2118 998 2186 fronde
1025 2130 1183 2208 vagantes

223 2217 394 2283 Lascivire
421 2219 546 2288 oculos.
599 2220 712 2284 Crevit
735 2217 844 2298 dolor,
869 2222 982 2300 iraque
1007 2224 1111 2298 primo
1172 2231 1176 2240 '

222 2312 369 2400 Virginis
396 2324 550 2399 aspectu:
578 2314 712 2394 Cocytia
733 2313 879 2389 flamma,
906 2311 1028 2375 luroris

221 2408 304 2495 lgnc
331 2413 454 2491 minor,
480 2428 602 2473 saevos
628 2411 732 2470 insani
758 2410 902 2490 pectoris
929 2415 1044 2471 aestua

223 2504 421 2588 Obstupuit,
448 2523 574 2589 suaque
597 2502 653 2566 illo
681 2503 831 2566 incendia
856 2502 969 2567 fomite
995 2509 1095 2589 pavit

222 2600 374 2666 Qualiter
399 2607 452 2680 (ut
476 2601 563 2666 fama
587 2607 659 2678 est,
686 2600 792 2664 sterili
820 2599 1043 2686 Polyphemus
1066 2622 1178 2668 amore

221 2699 302 2764 Cum
323 2699 418 2781 furit,
445 2707 479 2762 et
503 2718 604 2762 vanos
631 2702 775 2784 gemitus
802 2697 1177 2786 Galathea,·minasqne
1293 2747 1297 2755 -

220 2795 349 2860 Securo
376 2795 459 2860 ridet
485 2795 599 2861 subter
624 2815 685 2858 sua
710 2805 830 2884 stagna
857 2794 998 2881 decore,

220 2890 256 2956 Si
281 2913 361 2958 sese
386 2898 552 2959 incautum
577 2892 713 2977 objiciat
741 2893 981 2978 pulcherrimus
1005 2894 1103 2975 Acis,

219 2988 361 3054 Saevior
385 2995 527 3078 ignescit
551 2998 624 3056 visu
650 2990 760 3054 dolor:
787 2999 862 3053 acta
885 3010 944 3073 per
970 3012 1069 3056 auras

218 3085 383 3171 Fulmina,
410 3095 445 3153 et
466 3089 616 3174 abruptis
638 3107 799 3171 praeceps
826 3107 845 3150 e
871 3085 1011 3152 nubibus
1037 3093 1144 3175 iguis,
1267 3125 1270 3130 ·

219 3184 360 3249 Tardius
386 3192 559 3272 oppositae
586 3190 768 3271 perrumpit
796 3183 936 3249 culmina
961 3189 1082 3270 turris3

220 3281 326 3348 (luam
351 3283 481 3363 rabies,
506 3289 539 3346 et
561 3281 675 3345 rivalis
701 3287 777 3347 sitis
804 3290 876 3346 atra
902 3287 1047 3364 cruoris,

219 3377 393 3464 Cyclopem
421 3384 564 3464 rapitis
591 3378 736 3443 facinus:
764 3386 903 3444 montem
930 3379 987 3444 ille
1013 3379 1179 3447 revulsum

218 3473 370 3559 Projicit,
397 3484 432 3540 et
457 3483 543 3539 torta
562 3474 718 3559 juvenem
745 3476 836 3540 ferus
863 3477 973 3542 obruit
1000 3476 1117 3542 Aetna.

315 3668 408 3732 'l'une
434 3673 533 3732 etiam
558 3676 689 3734 nostras
713 3675 857 3754 sperasti
881 3669 1035 3736 invadere
1057 3669 1156 3734 sedes

216 3764 245 3830 E
270 3770 358 3852 putri
388 3773 556 3849 composta
582 3765 680 3832 luto?
705 3773 930 3853 morituraque
955 3771 1054 3832 morti

217 3861 391 3929 insultas?
416 3861 490 3928 Nos
517 3863 706 3944 indecores,
733 3862 903 3949 pulsique,
928 3861 1097 3949 profundis

217 3956 413 4026 Claudemur
438 3960 612 4025 tenebris?
639 3959 745 4025 Pudet
767 3965 917 4026 irritasse
942 3957 1059 4024 rebelli

218 4053 418 4124 Caelicolum
442 4057 613 4126 [lominum
637 4054 773 4142 dextra,
797 4063 826 4123 si
852 4055 983 4124 sordida
1008 4062 1122 4142 raptos
