3060 4752
643 191 886 250 cnnlsurnuos

215 381 375 464 Caerula,
400 385 607 467 puniceique·
624 379 800 466 superbum
827 383 955 465 insigne
981 375 1112 442 decoris

215 479 406 561 Admiratus,
432 483 562 544 resonis
588 482 708 542 animat
734 477 947 542 concentibus
973 496 1080 540 auras.

312 674 491 758 Postquam
516 671 644 737 illibato
671 671 711 736 de
737 689 897 736 marmore
923 669 1057 754 prodiit,
1084 675 1178 734 ornni·

215 774 396 857 Epatrum
421 791 555 836 numero
582 770 739 855 quosdam
766 768 890 856 selegit
917 769 1049 832 honoris
1109 844 1115 855 Ι
1186 797 1188 804 ·
1313 803 1316 810 v

214 871 331 936 Eximii
356 874 388 932 in
412 873 547 932 sortem.
598 868 719 932 Divina
744 866 782 932 ud
802 865 900 950 jussa
925 856 1109 949 sepultcs‘

216 967 416 1053 coeligenac
442 986 461 1028 e
487 964 621 1029 tumulis
650 970 790 1050 rapiunt.
843 963 1019 1047 Compulso
1043 963 1201 1029 refodit·
1266 991 1268 994 ·

216 1066 396 1151 Depositos
423 1062 521 1126 tellus
549 1069 696 1145 cineres,
724 1063 815 1128 Deus
842 1061 934 1126 arida
959 1068 1037 1126 nutu

216 1163 307 1228 Ossa
332 1167 431 1225 novat
450 1159 653 1245 junctosque
680 1166 798 1224 animis
824 1159 1019 1223 mirantibus
1044 1167 1136 1226 artus

215 1260 251 1324 ln
278 1261 377 1324 vitam
403 1265 545 1322 revocat.
598 1258 741 1322 Decorat
768 1255 986 1342 pulcherrirna
1012 1261 1105 1320 viros
1117 1293 1133 1342 s

217 1356 330 1420 Gloria
354 1363 388 1419 ct
414 1364 572 1420 aeternae
598 1354 700 1420 decus
725 1353 908 1418 immortale
930 1354 1097 1438 juventae.

215 1454 372 1519 Protinus
398 1452 438 1517 ad
463 1460 608 1516 moestae
636 1451 811 1516 thalamum
837 1451 1019 1516 succedere
1046 1450 1161 1520 matria

166 1541 172 1562 ’
215 1553 376 1638 Tempus,
402 1556 468 1633 ait,
495 1554 676 1634 tristesque
704 1548 808 1613 oculis
835 1548 1030 1635 abstergere
1056 1547 1164 1616 fletus.

217 1650 325 1728 Dixit,
353 1654 386 1710 et
410 1646 488 1711 elisi
514 1644 669 1711 violentis
696 1646 840 1711 fulminis
866 1645 928 1709 alis

216 1746 345 1831 Ocyor,
372 1749 402 1808 in
431 1745 522 1808 chari
548 1751 697 1827 penetret
722 1751 856 1808 secreto
881 1743 1010 1808 cubilis.

216 1843 274 1909 Sic
300 1847 479 1907 matutinus
504 1847 656 1905 montana
682 1846 850 1906 cacumina
877 1846 990 1924 primis

216 1940 362 2005 Illustrat
386 1939 487 2002 radiis
518 1937 692 2021 Phoebus,
723 1947 790 2002 tum
817 1935 935 2005 deinde
956 1937 1106 2021 jacentes

216 2037 306 2102 Luce
332 2059 393 2104 sua
417 2035 525 2102 valles
552 2036 751 2122 arbustaque
776 2034 912 2100 frondea
937 2039 1052 2122 pingit.
1131 2068 1135 2074 ·

314 2228 449 2296 Securis
476 2239 579 2296 rnater
605 2230 776 2314 repetebat
802 2229 988 2314 planctibus
1014 2236 1105 2294 atrae
1193 2271 1199 2278 -

217 2326 419 2415 Supplicium
445 2334 554 2393 crucis
582 2336 617 2392 et
641 2326 786 2392 crudelia
812 2327 949 2390 vulnero
973 2325 1075 2390 flebat

184 2426 293 2491 “Non
318 2423 511 2508 injucunde,
536 2423 718 2488 rediturum
745 2432 854 2503 certa,
880 2420 1007 2487 ociore.
1129 2490 1132 2494 ,

216 2523 358 2588 Lenibat
383 2525 525 2608 gemitus
552 2519 637 2585 dulci
664 2518 833 2586 interfusa
852 2518 994 2590 tumultu
1050 2571 1054 2576 .

217 2615 383 2683 Debellati
410 2617 509 2682 Erebi
535 2626 569 2682 et
595 2623 661 2682 nati
688 2622 826 2682 victoris
851 2621 973 2702 imago.

218 2715 327 2800 Atque
354 2715 409 2779 ubi
430 2715 497 2799 jam
523 2715 651 2780 faustae
679 2714 782 2781 medio
809 2714 870 2778 suh
897 2703 1007 2780 sidere
1032 2721 1139 2780 noctis
1216 2749 1222 2762 ·

218 2814 407 2896 Purpureas
434 2823 546 2904 optato
571 2820 661 2878 rotas
689 2812 817 2878 Aurora
843 2813 998 2897 parabat,

219 2909 287 2994 Spe
314 2915 468 2994 propiore
493 2912 606 2975 celeus
631 2918 664 2974 et
690 2931 802 2975 eruore
827 2915 962 2974 incensa
987 2907 1133 2987 videndi,

218 3006 325 3072 Morte
352 3007 549 3092 triumphata
575 3007 757 3092 spoliisque
786 3005 985 3073 Acherontis
1009 3010 1129 3090 opimio

217 3105 382 3192 Insignem
409 3112 442 3170 et
467 3104 580 3170 clauso
607 3105 758 3170 reducem
784 3103 824 3168 de
850 3124 1011 3169 marmore
1038 3109 1165 3182 nutum,
1223 3177 1227 3184 Ι

218 3200 400 3289 lngeminat
424 3201 510 3267 tales
537 3201 624 3266 dulci
650 3207 774 3286 pietate
799 3200 972 3285 querelas:

314 3393 441 3478 Pallor,
468 3417 508 3458 an
536 3393 682 3480 elapsum
710 3393 824 3458 tumuli
847 3391 915 3477 jam
942 3385 1076 3477 tempus
1097 3401 1132 3458 ct
1157 3392 1271 3456 orbem

217 3490 331 3554 Tertia
355 3489 411 3554 lux
438 3493 572 3574 aperit?
599 3501 634 3556 tu
661 3497 766 3577 nigris
792 3489 900 3555 lentus
926 3494 958 3554 in
985 3490 1108 3556 umbrie

218 3585 406 3668 cunctaris,
434 3577 586 3652 moestae
607 3592 749 3676 gemitus
775 3587 1002 3672 lacrymasque
1030 3591 1176 3672 parentis

218 3680 446 3748 Dissimulans.
498 3683 577 3747 Mea
602 3691 670 3750 vita
694 3685 782 3749 veni!
808 3691 972 3768 promissa
998 3691 1176 3767 reposcunt

217 3781 266 3845 Te
291 3787 366 3862 tua,
392 3786 425 3842 et
450 3799 615 3866 aequoreo
640 3781 772 3847 rediens
800 3801 818 3844 e
844 3801 978 3846 carcere
1004 3781 1122 3846 Jonas.

217 3876 358 3962 Aspice,
385 3885 422 3940 ut
446 3876 585 3942 infernis
611 3877 765 3944 reducem
791 3885 825 3941 te
852 3883 1003 3959 expectet
1029 3876 1069 3942 ot
1096 3881 1163 3942 oris

217 3972 296 4058 Sol,
323 3972 440 4058 tellus,
466 3979 598 4057 nature,
624 3974 737 4061 polus,
764 3984 932 4058 materque
957 3983 1125 4059 paterque.

218 4069 277 4136 Sol
303 4070 413 4138 radios
437 4091 497 4156 pro
522 4079 556 4136 te
581 4076 710 4156 positos
736 4070 907 4158 lucemque
936 4075 1101 4158 reposcit,
