3056 4758
549 201 554 214 '
658 219 901 274 eremannos
1275 221 1419 274 ιιι-ωε

325 405 411 470 aurs
437 405 712 490 uredinispastos
739 404 846 492 epulis
873 413 907 472 et
932 405 1281 484 obdurabuntur,

227 501 300 568 Non
325 507 409 566 satis
436 508 579 590 oppositi
606 511 721 568 contra
745 503 812 568 tela
838 509 946 570 omnia
971 503 1060 569 Ditis

226 599 387 665 Crederet
412 606 591 666 instructos
618 609 690 666 tuto
716 601 799 686 pede
826 623 926 688 posse
954 602 1098 666 furentis

227 694 362 764 Calcare
389 697 525 764 insidias
550 699 740 782 fractasque
767 697 932 782 repellere
958 703 1076 765 vires?

227 797 256 860 0
283 801 408 862 vitreas
435 797 598 861 bominum
625 795 768 860 mentes!
794 817 876 880 quas
903 817 1043 881 corpore
1068 817 1213 882 mersas,

226 894 430 980 Terrenique
457 895 614 958 bebetant
641 901 733 956 artus
758 894 922 978 infixaque
944 895 1097 960 membris

226 991 259 1055 ln
286 998 423 1056 vetitum
450 991 583 1054 trudunt
608 995 735 1074 patriae
760 995 903 1076 vestigia
928 992 1064 1078 culpae,

225 1089 268 1152 Et
292 1089 369 1153 fidei
396 1095 603 1152 immemores
631 1087 758 1153 blandis
783 1090 1000 1155 succumbere
1029 1096 1133 1155 victos

224 1185 395 1250 Illeeebris
421 1194 547 1272 cogunt
573 1191 728 1272 uariaque
755 1187 908 1270 cupidine
934 1187 1107 1272 torquent!

224 1283 396 1370 Languida
421 1305 506 1368 quae
531 1290 642 1348 succis
668 1293 824 1348 renovent
848 1284 1004 1350 vitalibus
1031 1283 1153 1352 lrerbae

224 1381 383 1445 Pectora!
411 1380 602 1446 vulneribus
627 1381 736 1446 crudis
762 1403 828 1467 qua
853 1380 1004 1446 consulet
1030 1393 1102 1448 arte

224 1477 376 1542 Proditor
401 1485 475 1562 ipse
501 1481 581 1544 sui?
608 1500 780 1566 semperne
807 1497 968 1566 oppressa
988 1477 1114 1562 jacebit

223 1576 407 1642 Lethiferis
433 1576 532 1642 Erebi
560 1586 617 1642 aut
647 1577 784 1641 Veneris
810 1598 902 1642 mens
931 1583 1043 1642 saucia
1069 1576 1176 1643 talisij

225 1673 387 1753 (Lustrali
416 1694 521 1760 ucque
547 1680 631 1739 enim
658 1675 709 1739 tas
736 1683 788 1739 est
813 1676 865 1740 bis
888 1680 1011 1762 tingier
1037 1676 1138 1758 nuda)
1200 1681 1203 1688 ’

223 1772 273 1837 Au
300 1778 406 1856 patrio
434 1794 563 1838 rursum
590 1773 784 1840 CHRISTUS
812 1773 992 1838 descendet
1017 1773 1184 1860 Olympo?

223 1869 281 1934 Nil
309 1890 392 1952 opus
419 1877 491 1956 est3
518 1870 621 1935 semel
648 1871 746 1936 effusi
773 1869 1009 1955 insuperabilis
1035 1871 1121 1936 unda

224 1967 404 2054 Sanguinis
433 1973 583 2056 ingratae
609 1966 738 2032 scelera
766 1975 879 2052 expiat
904 1975 1014 2032 ornnia
1039 1978 1162 2034 terrae,

224 2064 431 2130 (laetamen
459 2066 522 2130 boc
547 2067 617 2131 ficri
645 2071 751 2150 possit
775 2073 903 2131 ratione
929 2074 1102 2150 stupentes

222 2161 358 2250 Aspicio
385 2170 418 2227 et
443 2171 575 2248 paucis,
602 2169 726 2228 animos
754 2165 934 2246 advertite,
962 2165 1111 2248 paridam.

320 2261 473 2326 infandas
500 2263 661 2330 scelerum
690 2262 836 2326 maculas
860 2261 1010 2344 abolere,
1038 2281 1182 2347 perenna

223 2357 425 2442 Supplicium
452 2367 652 2445 meritasque
679 2364 745 2422 reis
772 2368 925 2424 avertere
951 2359 1098 2424 dammas

224 2454 408 2519 Coclituum
436 2465 510 2544 regi
536 2461 672 2542 propria
696 2477 735 2520 ao
759 2464 895 2520 aeterna
920 2463 1080 2540 potestas.

96 2595 102 2606 ·
221 2551 313 2616 Hanc
339 2559 446 2616 tamen
475 2558 598 2617 aeterni
627 2555 822 2621 CHRISTUS
849 2560 1014 2636 sapientia
1038 2561 1141 2640 patris

223 2648 391 2736 Sanguine
419 2651 540 2716 reclusi
567 2648 701 2715 stellata
724 2651 847 2736 palatia
878 2651 963 2716 coeli

220 2747 295 2812 dam
317 2745 384 2830 jam
411 2769 629 2830 ascensurus,
655 2771 722 2814 non
749 2748 984 2814 immortalibus
1011 2749 1106 2816 aulae

222 2845 379 2910 Sidereae
406 2855 531 2934 geniis,
559 2849 677 2934 quibus
703 2855 737 2911 et
762 2846 922 2914 coelestis
949 2853 1063 2937 origo,

222 2944 345 3032 lgneus
373 2953 407 3008 et
434 2953 527 3035 vigor
553 2955 606 3010 est
631 2946 718 3009 inlidi
747 2952 896 3028 corporis
912 2944 1061 3033 expers,
1125 2981 1127 2991 ·

223 3041 289 3108 Sed
315 3043 415 3110 Petro
441 3050 611 3128 sociisque
639 3042 736 3107 dabit.
789 3042 884 3106 Quos
910 3043 1040 3111 scilieet
1066 3063 1196 3124 oannes,

221 3140 263 3204 Et
287 3139 362 3204 fidei
391 3151 425 3206 ct
452 3143 557 3207 famae
584 3141 724 3226 oblitos,
753 3141 926 3206 tormidine
953 3147 1040 3228 turpi
1134 3181 1138 3191 ·

221 3238 361 3302 Vertere
389 3249 485 3328 terga
510 3240 611 3328 fugae
638 3249 672 3302 et
698 3238 837 3322 pedibus
863 3259 901 3303 se
928 3238 1065 3304 credero
1093 3255 1233 3324 possus,

221 3332 264 3396 Ut
289 3332 404 3419 lapsus
431 3359 613 3420 memores,
644 3337 747 3421 lapsis
774 3341 950 3422 ignoscere
976 3336 1140 3402 discant..

222 3429 308 3493 (tuin
335 3438 450 3516 etiam,
479 3458 497 3499 o
525 3442 637 3501 mirum
667 3435 795 3498 Domini
822 3435 1025 3522 indulgentis
1052 3431 1212 3498 amorem!

222 3527 381 3592 Omnibus
406 3532 500 3612 hacc,
527 3534 601 3597 dnm
628 3530 843 3598 christiadum
870 3539 974 3619 stirps
1000 3532 1084 3597 solis
1109 3537 1278 3613 utramque

222 3623 441 3710 complexura
467 3627 593 3692 domum
622 3638 656 3694 ct
682 3629 766 3694 coeli
792 3639 930 3696 ventura
955 3632 1016 3698 sub
1044 3649 1160 3711 auras,

223 3725 388 3791 Aeternas
415 3725 497 3789 coeli
528 3726 623 3813 leges
650 3736 683 3791 et
708 3728 844 3792 foedera
868 3737 1015 3814 rumpet3

222 3823 436 3908 Presbyteris
464 3828 672 3909 (quanquam
698 3823 856 3890 Iscartum
882 3825 1056 3901 devincere
1079 3829 1206 3888 certent

222 3921 364 3986 Perfidia
390 3921 613 4008 Gaipbamque
640 3919 743 4000 odiis)
768 3927 901 3986 immota
926 3929 1076 4004 potestas

223 4018 324 4084 Orbis
350 4025 381 4084 in
408 4025 573 4086 interitum
600 4036 820 4103 supremaque
846 4020 916 4083 tata
940 4018 1093 4084 manebit.

226 4117 309 4184 (luis
336 4125 418 4186 satis
446 4119 529 4184 baec
555 4123 664 4204 capiat
690 4117 873 4184 ruiraculaij
899 4117 1023 4205 poplite
1049 4117 1135 4183 flexo
