3082 4748
374 1416 415 1454 ‚.
486 1307 700 1414 uranu
749 1309 1092 1430 colurus,

347 1749 545 1834 Hactenus
571 1757 734 1829 illustrem
757 1757 878 1826 Christi
905 1763 1153 1846 properavimus
1178 1763 1320 1842 ortum‚'

250 1855 473 1942 Occultosque
499 1847 621 1920 annos:
648 1878 732 1922 nunc
759 1857 867 1922 claros
893 1858 1063 1942 pandimus
1088 1862 1193 1922 ectus.

249 1952 429 2019 Historiam
456 1975 565 2019 rerum
592 1959 774 2042 ingentem:
802 1976 885 2040 quae
911 1955 1053 2026 vidimus¹
1075 1959 1159 2037 ipsi,

251 2050 411 2138 Quaeque
437 2049 623 2116 Palestinae
646 2051 716 2136 jam
742 2051 914 2118 decantata
939 2073 998 2137 per
1029 2051 1150 2133 urbes,

251 2148 355 2214 fluam
382 2157 557 2234 superant,
584 2169 736 2228 meruere
762 2150 868 2216 iidem.
921 2151 1105 2218 Notissima
1128 2153 1265 2219 strictim

250 2245 421 2335 carpimus
447 2256 481 2313 et
506 2268 650 2316 summas
676 2247 786 2334 pelagi
813 2252 1066 2333 perstringimus
1080 2266 1177 2318 ,oras

350 2437 462 2502 Prima
486 2437 548 2502 sub
574 2438 714 2504 humano
738 2436 880 2502 velatum
907 2457 1047 2522 corpore
1073 2458 1192 2512 numen

252 2531 417 2614 Prodidit,
444 2532 576 2596 obscuri
602 2532 761 2617 quondam
787 2533 935 2601 Galilaea
956 2525 1020 2618 ¹per
1046 2555 1125 2600 arva

250 2631 418 2713 Nominis,
446 2635 616 2694 atrocius
643 2634 730 2695 iuter
752 2629 822 2714 jam
848 2631 969 2700 celsior
994 2631 1092 2699 urbes

251 2727 372 2792 Cluana.
412 2726 521 2794 Novis
547 2726 700 2798 Christus
727 2750 799 2793 cum
826 2735 956 2818 virgine
979 2737 1083 2797 metm
1109 2729 1312 2814 Hymenaeis

251 2827 411 2892 Invitatus
436 2824 547 2908 adest,
574 2847 638 2890 non
664 2825 852 2913 indignatus
878 2832 973 2894 amici
1066 2901 1069 2908 ,

253 2924 413 3006 Pauperis
440 2928 496 2987 aut
522 2929 754 3010 consanguinei
782 2924 985 2990 discumbere
1008 2929 1142 2991 mensis.

252 3019 297 3084 At
322 3039 401 3084 vero
427 3015 560 3086 mansae
586 3021 648 3086 sub
674 3019 802 3090 fercula
830 3030 925 3110 grata
950 3021 1116 3089 secundae

252 3117 428 3182 Defecisee
454 3137 576 3184 merum
602 3121 745 3204 genitrix
771 3121 943 3183 mitissima
968 3123 1076 3182 sensit

252 3216 295 3280 Et
321 3224 430 3280 natum
456 3219 607 3303 angustis
635 3233 830 3278 succurrere
856 3213 956 3288 rebus
983 3218 1015 3277 in
1043 3234 1154 3280 aurem

253 3313 426 3377 Submisso
454 3331 604 3375 sermone
630 3316 743 3396 rogat,
770 3330 955 3396 securaque
982 3316 1051 3375 voti

254 3408 412 3472 Astantcs
437 3427 571 3472 mensae
598 3404 738 3472 famulos
765 3415 874 3474 monet
899 3429 977 3476 csse
1004 3416 1155 3494 paratos,

253 3504 363 3588 Atque
390 3502 475 3568 ultro
503 3508 650 3588 imperiis
678 3503 777 3568 divini
803 3505 960 3572 accedere
984 3511 1063 3578 nati.

253 3600 395 3686 Antiquo
423 3600 674 3667 Pharisaeorum
700 3600 740 3665 de
767 3624 858 3688 more
884 3602 1032 3676 lavandis

252 3697 464 3766 luvitatorum
491 3699 642 3762 manibus
669 3700 838 3763 carchesia
863 3700 996 3763 stabant

253 3795 321 3862 Sex
349 3813 493 3858 numero.
545 3793 634 3859 Haec
662 3800 745 3859 vivis
767 3794 879 3880 proles
903 3794 1061 3864 ..tessaura
1085 3792 1227 3880 lymphis

253 3892 383 3980 lmpleri
406 3888 518 3974 jussit
569 3889 665 3956 Jussi
694 3892 842 3956 mandata
867 3898 1063 3975 capessunt,

185 3975 189 3991 ’
252 3991 435 4075 Vicinoque
461 4010 480 4054 a
507 3989 595 4054 fonte
623 3987 717 4052 undis
745 3992 930 4072 spumantia
955 3991 1044 4051 servi

254 4085 436 4174 supposita
463 4090 594 4153 cervice
620 4085 738 4150 ferunt.
791 4082 982 4172 Argenteus
1009 4081 1126 4148 humor
