3082 4746
9 205 25 252 n
157 175 291 226 nr-no
689 165 798 256 urana
818 167 891 222 vm.

241 355 307 420 ssul
333 359 480 418 tenerum
504 349 637 439 indigno
663 351 824 436 foedavit,
850 352 988 418 verbera
1016 354 1168 424 vultum.o

241 452 343 532 (luis,
370 472 435 536 qno
461 448 807 514 sidereos'uculorum
835 449 1006 516 obduxerit
1032 453 1131 517 orbes

241 547 383 614 llludens
410 545 495 612 velo.
548 547 725 633 Laerymae
751 568 811 631 per
836 548 967 636 singula
992 560 1126 615 currunt

242 645 368 731 Verba,
394 663 453 709 nee
478 645 613 710 effraeni
642 643 746 709 semel
772 651 879 710 omnia
905 664 1005 710 nosse
1031 646 1138 713 dolori

241 743 381 810 Sufficit.
433 741 475 806 Ut
500 749 587 808 sacri
615 749 744 808 ventum
771 741 810 804 ad
838 742 980 808 confinia
1005 751 1142 826 monde,
1222 785 1224 792 ι

242 841 283 906 Et
308 844 455 928 tragicae
481 846 587 924 patuit
612 845 720 904 noctis
743 839 885 928 lugubre
912 839 1075 908 theatrum

241 937 475 1018 Getbsemane,
501 936 654 1023 lacrymis
680 958 791 1002 omnes
817 942 953 1002 immisit
979 939 1125 1004 habenas

240 1036 445 1121 irrequietus
471 1056 562 1100 amor
582 1034 776 1119 luctusque,
805 1035 889 1116 heu,
915 1034 993 1123 lege
1018 1042 1124 1102 teneri

239 1133 429 1221 lmpatiens.
480 1131 604 1196 Omnes
631 1132 739 1196 aditus
766 1151 956 1219 omnemque
982 1144 1152 1219 pererrant

239 1230 432 1296 Luminibus
460 1229 667 1315 pedibusque
692 1228 819 1314 locnm3
846 1235 988 1318 vestigia
1013 1237 1117 1296 noctis

239 1329 358 1392 Omnia
380 1328 530 1393 funestae
556 1335 721 1413 totamque
748 1348 788 1391 ex
815 1327 927 1392 ordine
955 1349 1106 1411 scenam,

239 1425 314 1509 (Nil
340 1429 423 1492 satis
449 1432 503 1490 est
528 1427 677 1506 miseris)
699 1431 859 1509 repetunt.
910 1424 981 1490 linc
1008 1431 1109 1490 intrat
1128 1424 1253 1512 dudas3

238 1524 372 1588 Corruit
397 1521 450 1586 bic
475 1521 593 1588 blanda
618 1529 803 1607 prostratus
831 1543 912 1586 voce
940 1521 1100 1608 satelles3

237 1620 300 1685 llic
325 1627 426 1686 mersi
452 1641 567 1685 sonmo
593 1625 729 1686 comites
750 1617 889 1703 jacuere
915 1619 1092 1708 fugamque

237 1719 308 1784 Hac
332 1739 471 1808 rapuere
497 1717 550 1782 vel
576 1717 649 1783 bac.
702 1716 827 1783 Avidae
855 1740 916 1784 sna
942 1718 1078 1783 vulnera
1104 1727 1224 1784 matres

238 1815 479 1902 Maerorasque
505 1816 618 1881 bibunt
639 1815 849 1902 gaudentque
873 1814 1005 1898 audire,
1033 1817 1117 1902 quod
1143 1817 1286 1882 horrent.

335 2010 456 2075 Tristis
482 2019 516 2074 at
541 2016 669 2076 interea
696 2010 804 2074 solum
830 2008 919 2075 illum
946 2031 986 2076 ex
1013 2012 1164 2076 omnibus
1190 2012 1288 2076 ambit

237 2108 339 2193 Virgo
365 2104 493 2188 locum,
518 2126 583 2190 qno
609 2126 781 2192 supremos
807 2110 839 2169 in
866 2106 976 2170 sidera
1003 2115 1100 2172 natus

236 2203 360 2268 Effudit
384 2202 533 2268 madidus
558 2202 710 2288 lacrymis
736 2211 771 2268 et
795 2209 956 2290 sanguine
983 2212 1135 2289 questus.

235 2301 386 2386 Dumque
413 2300 517 2364 oculis
542 2306 668 2365 antrum
693 2299 829 2384 lustrat,
856 2307 1005 2366 cessisse
1033 2307 1176 2386 precanti

235 2398 325 2463 Saxa
348 2397 455 2481 videt,
483 2417 649 2483 ceraeque
674 2403 779 2462 instar
803 2405 944 2463 traxisse
970 2399 1084 2465 reflexi

234 2495 375 2582 Poplitis
402 2494 566 2583 effigiem,
593 2517 759 2581 roseoque
786 2496 911 2560 imbuta
937 2496 1049 2562 colore

234 2591 405 2674 Gramina,
431 2593 563 2656 sudoris
590 2600 681 2658 certa
706 2604 897 2681 argumenta
922 2599 1055 2660 cruenti.

234 2690 318 2755 Dum
344 2697 458 2773 stupet
481 2691 578 2754 haec:
606 2697 744 2755 comites
768 2690 859 2756 duris
886 2698 1027 2780 vestigia
1052 2699 1141 2758 saxis

233 2785 448 2871 lmpressisse
473 2793 622 2867 monent,
649 2787 801 2850 cedrinae
827 2809 892 2873 qun
915 2789 1012 2853 vallis
1038 2794 1069 2853 in
1100 2791 1201 2856 naidas

233 2883 396 2953 Protusus
422 2882 580 2967 pedibus,
608 2883 733 2949 cecidit.
785 2885 889 2970 Virgo
918 2890 1025 2948 omnia
1050 2895 1154 2950 mater

232 2981 345 3047 Mente
371 2987 490 3069 premit
513 2986 649 3046 memori
675 2989 708 3044 et
733 2987 866 3044 sanctae
893 2981 973 3046 dans
999 2980 1260 3066 osculaturus,

233 3078 389 3167 Virginea
416 3084 558 3166 gemitus
584 3088 618 3143 ct
641 3088 718 3143 vota
744 3101 763 3143 e
789 3085 923 3166 pectore
948 3079 1064 3144 fundit.

328 3271 372 3337 At
396 3273 600 3340 Zebediades
624 3279 710 3340 uasti
736 3273 844 3339 latera
869 3274 970 3351 ardua
996 3280 1117 3341 montis

230 3371 352 3436 lntuitu
380 3370 464 3452 fido,
491 3375 520 3435 si
546 3391 629 3455 quae
656 3380 841 3458 opportuna
866 3371 972 3436 dolori

230 3469 334 3534 Antra
357 3473 482 3550 sinant,
508 3489 645 3556 magnos
670 3475 742 3533 sine
769 3476 855 3533 teste
881 3467 1049 3535 effundere
1074 3477 1231 3557 questus,

229 3565 426 3654 vestigans,
454 3565 598 3630 clausam
622 3587 785 3630 ramorum
813 3571 974 3652 prospicit
999 3569 1138 3632 umbris·

229 3662 423 3749 Speluncam
451 3662 591 3728 obscuro
615 3663 819 3750 suspendere
845 3663 971 3729 fornice
997 3673 1146 3730 montem.

229 3760 379 3826 Advertit
401 3782 559 3848 gressus,
586 3769 621 3826 et
645 3761 747 3847 longa
771 3760 906 3826 silentia
931 3761 1029 3828 duros

229 3858 420 3923 Parturiens
447 3863 608 3947 gemitus,
635 3863 667 3922 in
694 3860 796 3924 verba
821 3858 992 3926 resolvere
1016 3865 1129 3947 gestit.

228 3954 303 4020 dam
328 3977 431 4041 prope
456 3956 551 4030 limen
579 3965 668 4042 erat,
696 3963 819 4024 resono
841 3981 914 4024 curn
941 3957 1071 4022 auditus
1094 3956 1137 4020 ab
1163 3959 1256 4018 antro

228 4053 357 4120 Terruit
383 4059 551 4121 intrantem
578 4060 731 4142 gemitus.
784 4053 936 4146 Vestigia
961 4061 1049 4120 retro
