3060 4752
128 231 259 286 tid-tit
656 227 764 282 hiena
787 227 861 282 ΚΝ..

212 413 484 478 Restuuratorem
511 412 631 497 teitus,
655 421 773 478 natura
798 419 980 499 parentem,

213 510 400 577 coelicolae
425 527 540 598 regem
567 519 739 596 repetunt,
764 530 827 576 sua
853 512 974 600 gaudio
998 519 1112 578 mater.

213 609 274 694 Eja
300 629 364 694 age
388 629 501 693 rumpe
527 629 657 690 moras,
687 616 722 674 et
745 616 778 673 te
803 609 861 674 tihi
888 609 988 674 redde
1016 611 1176 697 mihique!

213 709 289 774 Nox
314 708 408 771 abiit:
435 709 518 771 satis
544 709 582 770 o!
609 727 723 772 somno
750 713 904 793 noctique
931 707 1060 772 dedisti.

198 805 340 892 Surge,
367 804 442 889 quid
471 803 535 868 heu
562 803 675 868 tardus
701 803 839 868 Sumson
865 807 977 871 meus!
1005 811 1113 888 arripe
1139 813 1254 890 postes

213 903 362 984 Murtis‚'
380 908 414 966 et
439 907 471 966 iu
496 907 594 985 patrii
620 901 785 967 rediturus
804 901 953 966 culmina
975 907 1135 986 montis,-

214 1001 265 1065 Da
290 1004 383 1064 matri
409 1003 542 1064 extincti
567 999 712 1063 clausum
739 999 801 1062 sub
826 998 922 1064 fauce
948 998 1054 1064 leonis

214 1097 404 1162 Praelibare
428 1097 550 1162 favum.
601 1095 716 1160 Mundi
744 1095 849 1160 tutele
874 1103 1018 1160 nutantis

214 1194 323 1283 Surge
346 1195 422 1259 Noe
443 1193 642 1281 longumque
665 1199 795 1277 (potes)
818 1192 945 1258 tundern
967 1203 1085 1260 excute
1106 1213 1264 1260 somnum.

213 1292 432 1377 Nudatosque
459 1298 551 1357 artus
577 1290 704 1355 divinae
730 1290 815 1354 lucis
841 1291 966 1356 honore

213 1389 313 1455 Indue
340 1398 374 1453 et
398 1393 554 1453 emeritos
580 1393 612 1453 in
637 1389 748 1453 sidera
774 1387 854 1452 totio
880 1396 1031 1474 nepotes.

213 1486 344 1572 Projiee
370 1485 574 1571 squalentem
600 1492 759 1567 tunicam,
785 1484 865 1572 fuge
891 1491 1034 1550 carceris
1061 1492 1171 1568 acha,

215 1585 321 1650 Chare
345 1585 491 1669 doseph‚
518 1592 676 1668 ostroque
702 1583 857 1647 humeros
884 1601 1030 1668 auroque
1055 1601 1237 1648 coruscans

215 1681 405 1747 Confectum
430 1686 536 1746 macic
563 1680 716 1767 populum
738 1679 919 1766 jejunaque
946 1700 1047 1766 pasce

214 1779 357 1844 Pectora
380 1784 539 1862 sepositis
564 1777 701 1844 meliora
726 1781 756 1842 in
784 1785 933 1862 temporo
955 1784 1081 1842 aristis.

215 1875 325 1963 Surge
347 1887 421 1964 age,
446 1877 523 1961 quid
544 1875 683 1942 turdus?
732 1875 854 1964 Surge,
880 1899 899 1939 o
922 1895 995 1940 mea
1017 1874 1135 1962 glorie,
1162 1893 1290 1960 surge·

215 1973 257 2038 Et
281 1973 409 2059 lapsum
435 1994 555 2040 renova
579 1973 662 2056 (jam
688 1973 744 2038 lux
770 1981 824 2038 est
840 1973 966 2056 tertia)
992 1970 1157 2058 templum.

303 2164 366 2230 Vix
383 2166 480 2232 haee:
503 2186 574 2230 cum
596 2166 703 2232 clarae
721 2166 860 2231 medium
881 2171 912 2231 tu
934 2163 1157 2251 penetralibus
1175 2161 1267 2229 aedis

215 2263 343 2348 Aspicit
368 2263 529 2329 aethereo
555 2263 735 2351 fulgentem
763 2263 881 2328 iumine
908 2271 1018 2327 natum

217 2360 324 2446 Atque
351 2382 476 2426 omnem
504 2360 674 2448 Aligerum
699 2361 872 2446 divumque
899 2359 1029 2426 adstare
1059 2379 1221 2423 coronam.

216 2457 376 2524 Continuo
395 2457 498 2523 dolor
524 2465 629 2524 omnis
657 2459 745 2547 abit,
775 2459 1125 2522 cumulantur·amanti

216 2553 359 2637 Gaudia,
385 2577 447 2620 uon
472 2554 556 2620 divis
581 2562 666 2620 satis
691 2554 892 2639 exploranda
918 2556 1044 2634 beatis,

216 2651 290 2716 Nec
316 2651 480 2716 tenuanda
506 2651 594 2716 mihi.
645 2651 680 2716 Si
705 2652 759 2716 fus
786 2661 923 2716 tenuare
950 2648 1114 2730 canendo,

216 2747 272 2812 Sic
297 2754 441 2837 genitrix
465 2755 592 2832 raptum
618 2748 765 2812 fraterno
792 2753 926 2811 crimine
952 2746 1089 2811 Aheiem

216 2845 329 2911 Oblita
354 2853 408 2910 est
433 2851 588 2909 nascente
616 2843 739 2924 Setho,
766 2843 917 2908 Rebecca
941 2841 1102 2908 Jacobum

217 2942 322 3007 Exitio
349 2942 518 3023 reducem
543 2941 601 3005 tali
628 2940 810 3006 laetissima
836 2939 928 3009 vultu

216 3037 376 3125 Amplexa
400 3049 464 3105 est.
515 3037 634 3107 Fuisse
659 3042 709 3101 sic
734 3045 811 3123 post
837 3042 1028 3101 tristissima
1053 3032 1155 3106 cladis

216 3136 374 3201 Lamenta
399 3135 588 3202 incolumem
615 3133 828 3221 Memphitide
852 3133 934 3198 vidit
958 3139 990 3197 in
1016 3130 1094 3196 auia

214 3233 360 3298 lsacidcs
387 3228 543 3317 ostroque
568 3237 731 3319 insignem
757 3251 902 3317 auroque
926 3229 1123 3312 dosephum.

215 3328 272 3393 Sic
299 3334 392 3416 patrii
415 3349 645 3413 successorem
671 3335 861 3414 sceptrique
886 3330 1061 3410 thronique

131 3436 141 3442 “
214 3425 356 3511 Aspexit
381 3426 559 3492 Salomone
585 3447 723 3513 parens,
751 3435 784 3490 ct
808 3445 943 3490 ruunere
969 3426 1079 3509 magni

213 3523 308 3588 Vatis
333 3525 374 3588 ab
399 3524 526 3588 inferno
552 3523 703 3588 reducem
731 3533 808 3609 post
834 3523 949 3586 funera
974 3528 1083 3584 nutum

213 3619 333 3687 Minuta
359 3629 413 3687 est
438 3619 636 3702 Sunamitts,
664 3639 859 3705 rursumque
881 3617 1026 3683 faventis

214 3717 364 3784 Numinis
390 3716 513 3784 auxilio
540 3717 803 3783 fortunatissimo
831 3721 967 3780 matrum

75 3881 79 3890 ,
212 3813 381 3900 Aequorei
408 3820 482 3881 viro
512 3815 665 3880 reducem
692 3813 733 3884 de
759 3833 889 3878 carcere
916 3817 1075 3878 monstri«

214 3910 411 3998 Obstupuit3
437 3912 498 3977 sed
526 3917 612 3978 enim
638 3910 855 3999 liquidissima
883 3911 1003 3999 gaudia
1027 3916 1181 3986 matrum,

212 4007 376 4073 Laetitiae
409 4009 528 4074 coliata
553 4018 648 4094 tuae,
678 4008 839 4105 decedere
865 4015 987 4073 tantum

212 4102 399 4171 indubitata
423 4106 523 4188 tides,
549 4115 703 4191 quantum
729 4113 844 4194 regios
871 4111 1023 4190 parentes
