3060 4752
628 212 869 269 CUSsslelS

203 400 292 466 Ditis
318 405 349 464 in
373 399 566 486 obsequium
591 397 758 466 illecebris
779 400 947 483 jussitque
972 397 1116 464 Deorum

203 497 302 584 lmpia
330 501 448 564 votivis
472 502 637 583 imponere
664 503 795 562 numina
820 494 962 582 templis.
1061 523 1064 531 ·
1101 524 1103 532 ¹

301 690 467 758 ssuattuur
494 693 578 758 lraec
603 694 710 758 rnundi
735 691 884 757 custodia
910 710 1009 754 caeca
1034 689 1162 775 sepulti

166 853 170 864 ,
203 787 371 854 Scinditur
397 796 429 853 in
456 798 586 875 partes3
612 810 746 874 quarum
773 791 962 869 deterrima,
988 793 1019 852 in
1048 793 1113 852 ima

203 885 354 952 lnfnrrnis
381 893 496 951 terrae'
513 907 654 974 vergens
679 886 877 973 penetralia,
904 890 998 971 punit

202 982 347 1048 Aeternu
372 1005 485 1048 rnaaes
511 982 680 1050 damnatos
705 985 840 1065 lunone,
867 982 957 1048 nulla

204 1081 299 1147 (duos
324 1081 399 1145 olim
428 1081 469 1146 ad
494 1103 637 1165 superos
662 1088 787 1167 pictas,
814 1081 905 1146 nulls
929 1080 1076 1144 authuris
1101 1080 1157 1142 alti

203 1178 348 1266 Relligiu
375 1183 486 1266 tetigit
510 1179 738 1265 scelerumque
759 1183 911 1244 excussit
935 1197 1102 1244 amoram.-

203 1274 343 1360 Adjacet
368 1276 442 1340 huic
467 1276 680 1364 dextrumque
706 1278 793 1342 latns
820 1275 1015 1340 lustralibus
1042 1281 1169 1339 nntrunr

204 1372 352 1456 Occupat
376 1374 543 1440 exundans
567 1375 721 1455 flammis,
748 1381 864 1458 queis,
890 1373 1020 1438 vindice
1046 1371 1160 1452 coelo,

203 1469 345 1536 ninutas
368 1479 515 1536 veterum
539 1473 698 1540 cunctata
715 1473 789 1538 labe
816 1471 972 1538 malornm

204 1569 346 1632 Exercet
370 1577 497 1634 mentes
522 1578 554 1634 et
581 1573 661 1636 duro
688 1577 835 1634 examine
862 1567 981 1632 sordes

204 1666 373 1751 Excoquit.
426 1666 477 1732 Ad
502 1667 627 1734 laevam
655 1674 795 1734 miseros
821 1673 1001 1730 inamoena
1020 1667 1152 1729 codrcet

203 1761 350 1828 lnfantes
376 1764 480 1828 Limlnl
505 1765 623 1850 sedes,
650 1787 735 1852 quos
760 1784 862 1830 saeva
887 1771 1059 1846 parentum

205 1859 326 1945 Culpa,
353 1883 411 1948 per·
438 1863 610 1932 infaustam
638 1868 751 1928 vitiato
776 1866 902 1928 sesninc
929 1865 1066 1944 stirpem
1120 1911 1123 1920 .

204 1957 409 2040 Decurrens,
435 1967 548 2048 regnis
574 1961 676 2051 longe
703 1959 905 2025 coelestibus
931 1965 1032 2022 arcet.
1116 1979 1118 1988 ’

207 2055 314 2120 Altior
337 2058 389 2122 lris
415 2065 508 2146 regio
534 2068 663 2148 gemino
689 2063 881 2146 cognomine
907 2065 1002 2135 notu,

206 2153 335 2220 Felices
361 2161 499 2239 animas,
526 2165 619 2224 vetiti
646 2161 877 2242 queistristia
903 2158 988 2240 pomi

206 2253 272 2318 Per
298 2261 347 2318 tot
371 2253 468 2319 ducta
494 2265 604 2341 patres
631 2259 789 2342 primaevi
815 2255 855 2317 ab
883 2257 1011 2338 origine
1038 2251 1162 2330 mnndi,

206 2349 357 2415 Nondum
381 2351 490 2417 divino
519 2355 682 2423 Grililsrr
711 2351 851 2415 lustrata
877 2367 1014 2428 cruore,

208 2447 426 2514 fluentumvis
452 2456 538 2515 ritas
564 2454 721 2536 integris,
747 2451 878 2511 virtutis
904 2444 1062 2524 alumnis,

208 2544 408 2610 claudebant
433 2549 525 2612 rutili
552 2557 663 2632 portas
691 2549 846 2632 contagia
872 2541 965 2607 coeli.

208 2641 321 2706 (lratia
346 2642 436 2706 nulla
461 2643 552 2726 loco,
574 2642 679 2729 jejuni
705 2642 848 2730 ingloria
874 2641 1009 2706 claustri

207 2739 294 2802 Area
320 2761 382 2802 non
407 2740 525 2806 blando
552 2743 668 2807 tlorum
695 2747 823 2806 variata
849 2739 968 2804 decore

208 2837 384 2921 Luxuriat,
412 2861 473 2903 non
501 2847 634 2931 irriguis
660 2841 832 2924 distinguit
858 2857 978 2901 arenas

207 2935 376 2999 Fontibus
430 2936 593 3006 Aurlcomi
621 2939 724 3002 radiis
750 2941 907 3024 impervia
933 2933 1037 3013 solis,

209 3031 310 3096 Antra
335 3037 400 3099 situ
425 3037 552 3102 informi
578 3035 732 3121 squalent
754 3039 788 3096 et
814 3033 887 3096 luce
913 3029 1078 3115 maligna'
1185 3058 1187 3064 ·

207 3130 419 3215 Suspendant
445 3135 576 3214 oculos,
612 3133 750 3217 qualem
767 3131 830 3192 sub
857 3128 976 3193 lumine
1003 3133 1109 3210 primo

209 3227 356 3291 Aurorae
383 3238 439 3294 aut
465 3237 567 3316 primo
589 3231 651 3293 sub
678 3237 775 3290 nocte
800 3221 999 3309 crepuscula
1024 3237 1194 3312 spargunt.

207 3325 330 3412 Magna
356 3333 462 3391 tamen
488 3332 592 3392 castis
618 3325 736 3390 solatia
762 3323 928 3386 mentibus
956 3320 1092 3385 addunt.
1167 3329 1171 3336 '

209 3420 303 3485 Alma
325 3421 426 3506 tides,
455 3445 534 3511 spes
560 3431 715 3488 aeternae
742 3425 932 3485 certissima
957 3418 1064 3501 lucis,

208 3517 277 3580 Pax
304 3517 401 3582 nullis
427 3529 587 3584 temerata
613 3518 706 3583 malis
732 3525 766 3581 ct
790 3521 925 3580 conscia
950 3522 1066 3580 virtus.
1092 3555 1095 3560 -
1219 3523 1222 3533 '

208 3614 304 3678 Nunc
330 3620 417 3678 vitae
443 3617 482 3680 ad
507 3637 649 3700 superos
675 3613 981 3680 cctae‘discrimina
1003 3633 1116 3678 secum
1232 3655 1235 3664 ι
1262 3643 1267 3650 ·

211 3708 354 3775 Volvere
380 3717 414 3776 ct
438 3714 619 3779 exhaustus
644 3714 739 3778 dulce
765 3723 817 3778 est
843 3715 1029 3775 meminisse
1055 3711 1199 3777 labdrcs.
1292 3717 1297 3728 '

211 3807 307 3874 Nunc
327 3807 418 3893 juvat
443 3817 598 3898 egregins
624 3811 726 3877 divini
752 3809 885 3874 luminis
912 3808 1070 3890 haustus,

210 3905 379 3973 Fatidicos
405 3909 488 3974 ancli
517 3909 624 3974 radios
650 3925 877 3990 concessaque
902 3909 987 3968 viris

211 4001 393 4070 Coclituum
419 4013 554 4074 memori
580 4007 641 4070 sub
668 4015 774 4070 monte
799 4001 973 4067 revolvere
1002 4004 1097 4069 dona.

212 4099 278 4166 Sed
304 4104 382 4170 nihil
410 4112 441 4172 in
468 4115 590 4174 tantum
616 4103 734 4170 blando
758 4099 928 4166 dulcedine
954 4100 1089 4168 claustri
