3076 4744
114 237 246 287 ars-atr
666 231 774 286 Liber
798 232 831 284 ii.

204 416 342 498 Annuit,
368 416 604 504 ambrosiisque
631 412 696 498 poli
724 413 932 480 discumbere
958 415 1091 480 mensis.

201 513 353 599 Namque
379 519 432 578 uni
458 517 590 598 propria
612 513 695 576 haec
721 520 819 597 atque
846 517 1040 578 intemerata
1065 521 1214 596 potestas
1256 562 1259 574 ‚

203 611 382 676 Aeternum
407 611 581 679 Caluisio
610 615 732 690 manet,
756 618 990 692 aeternumque
1017 610 1168 675 manebit.

204 709 361 796 Virginea
388 706 444 772 ille
470 707 576 772 latens
603 711 748 794 gremio,
776 713 861 771 vasti
889 711 994 770 omnia
1020 707 1127 773 mundi

204 805 381 890 Tempora,
408 826 588 872 successus
615 824 742 886 ornnes,
768 823 954 887 arcanaque
979 823 1086 870 rerum

205 903 361 968 Sidereae
387 903 474 970 claro
501 902 694 988 penetrabat
721 905 867 966 acumine
894 906 1023 966 mentis.

204 999 269 1065 Sed
295 1005 373 1084 quia
396 1001 529 1066 lactenti
551 998 678 1064 similes
705 999 943 1083 pulcherrimus
968 998 1075 1064 infans

200 1097 352 1162 Induerat
377 1099 508 1178 vultus,
534 1097 683 1160 Divinam
708 1093 878 1164 effundere
903 1094 1011 1160 lucem

201 1193 339 1260 Distulit
365 1199 395 1257 in
421 1195 535 1263 viridis
558 1193 690 1275 florent,
716 1192 882 1275 roburque
903 1191 1070 1275 juventae.

201 1292 300 1374 Post,
328 1292 383 1356 ubi
404 1290 472 1374 jem
499 1293 635 1358 firmata·
652 1295 754 1357 virum
780 1297 1017 1359 monstraverat
1042 1298 1154 1370 aetas,
1252 1347 1255 1352 .

201 1389 354 1454 illustres
383 1395 505 1454 sensim
532 1389 641 1457 radios
667 1388 841 1474 patefecit:
870 1397 903 1450 et
928 1386 999 1450 urbi

202 1485 359 1551 Occultos
384 1486 548 1552 scelerum
574 1485 668 1550 labes
696 1491 902 1553 certissimus
927 1482 1022 1550 index

202 1583 368 1664 Prodidit,
395 1604 580 1670 arcanoque
607 1583 724 1648 infixas
747 1591 884 1666 pectore
912 1602 1017 1648 curas.

202 1681 275 1746 Non
303 1680 388 1746 alias
413 1690 519 1752 teman
547 1681 947 1767 ardentemtammagna
973 1673 1091 1762 cupido

201 1777 383 1843 Evolvendi
410 1784 527 1866 iugens
552 1784 652 1844 tacita
673 1779 734 1842 sub
761 1783 856 1841 nocte
883 1775 1034 1842 volumen

201 1875 333 1956 Traxit,
363 1884 397 1940 et
421 1882 573 1940 instantis
600 1896 717 1942 causas
743 1875 923 1959 faciemque
949 1868 1144 1938 tremendam

200 1972 350 2034 Funeris.
400 1972 490 2058 Ergo
517 1974 569 2036 ubi
596 1971 766 2055 discipulis
791 1971 926 2036 avulsus
954 1977 985 2034 in
1010 1979 1136 2034 antrum

204 2066 382 2144 Cesserat,
407 2068 580 2129 humentes
605 2064 719 2130 oculos
744 2067 783 2128 ad
807 2067 921 2133 sidera
943 2067 1081 2145 tollens,

203 2157 415 2224 Membranas
441 2164 548 2242 aperit
572 2159 646 2223 libri
675 2159 897 2243 septemplicis
926 2179 1048 2224 omnes

203 2257 247 2320 Et
273 2275 380 2320 coram
407 2255 595 2339 explicitum
622 2263 794 2337 spectans,
820 2277 892 2321 cum
918 2255 1007 2321 laeta
1032 2250 1184 2336 triumphi

204 2355 308 2440 Signa
333 2358 384 2418 sui
411 2359 559 2419 certatim
585 2357 755 2417 animose
781 2351 957 2418 obtrudere
982 2356 1125 2434 sensit,

202 2449 325 2515 Invitos
352 2451 467 2515 oculos
494 2451 653 2530 retrahit,
679 2469 847 2534 purosque
872 2447 1005 2516 dolores

201 2548 345 2631 lmperat
370 2548 502 2612 effundi.
553 2546 679 2632 Spissis
707 2546 884 2612 involvitur
910 2549 1053 2628 umbris,

201 2645 375 2709 Laetitiam
401 2645 616 2730 quodcunque
642 2649 734 2729 parit.
786 2643 852 2708 Sed
878 2646 1018 2711 turbinis
1046 2649 1148 2714 instar

164 2789 167 2794 -
201 2743 425 2826 Praecipitant
447 2741 609 2808 scelerum
635 2740 740 2822 dirae,
769 2751 992 2822 monumenta,
1019 2743 1167 2820 furores,

202 2840 308 2903 (lueis
333 2838 530 2902 hominum·
522 2859 555 2902 ru
581 2857 703 2920 paenas
730 2835 839 2900 mundi
864 2838 1008 2904 infelicis
1034 2839 1174 2902 abortu

204 2935 332 3000 Dilatur
358 2935 583 3023 Phlegethon,
607 2953 810 3018 accerrsaque
834 2933 992 3016 sulphure
1017 2942 1103 3027 tetro
1187 2997 1189 3004 ,
1264 2999 1268 3008 ,

190 3033 313 3118 ,Cocyti
340 3041 461 3120 stagna
483 3033 550 3098 alte
574 3038 702 3112 natant,
728 3029 929 3117 Stygiaeque
955 3030 1177 3115 paludes-5,
1291 3084 1295 3090 .

202 3127 250 3195 hc
275 3135 378 3213 prima
403 3139 478 3196 arrte
502 3128 618 3200 oculos
644 3134 731 3214 pomi
758 3127 907 3194 feralis
899 3149 1006 3214 imago
1172 3133 1174 3136 ’

202 3227 380 3312 objicitur,
408 3233 527 3292 crimen
554 3231 688 3313 generis
713 3227 881 3309 fatumque
907 3233 1072 3310 nepotum.

202 3322 286 3388 lluic
311 3323 398 3388 mille
421 3323 568 3390 inclusae
595 3329 727 3409 pestes,
752 3322 839 3388 mille
865 3329 953 3390 ostia
977 3327 1093 3392 mortis
1152 3379 1155 3388 Δ

201 3421 372 3486 lnscderc:
398 3443 462 3486 uuo
484 3421 641 3485 furiarum
666 3425 814 3487 examina
839 3441 951 3487 morsu

202 3517 296 3584 Mille
320 3524 442 3603 aperit,
467 3516 630 3584 scelerum
656 3526 792 3582 aeterna
816 3539 974 3606 compage
1000 3522 1174 3588 revinctam

202 3614 305 3679 luficit
331 3616 413 3680 heu!
437 3623 538 3681 totam
564 3619 679 3680 vitiata
704 3615 744 3678 ab
770 3619 896 3701 origiue
922 3621 1067 3699 stirpem.

300 3809 383 3874 Dum
409 3817 521 3894 stupet
545 3811 644 3890 haec,
670 3814 857 3904 prirqaeque
885 3810 976 3874 nefas
1003 3808 1211 3896 lacrymabile
1236 3804 1353 3890 culpae

201 3905 354 3990 Inspicit:
383 3909 547 3974 ecce·tibi
572 3912 682 3975 caecis
707 3909 840 3992 prodire
867 3907 1004 3972 latebris

202 4003 393 4088 squalentis
419 4007 540 4088 Limbi,
566 4005 708 4070 damuati
736 4009 907 4092 sauguinis
933 4005 1051 4070 author

201 4100 300 4164 Visus
328 4101 448 4189 Adam,
463 4103 584 4190 qualis
608 4108 798 4189 caceipost
822 4103 938 4176 sume
966 4105 1052 4181 catii
1141 4194 1164 4261 3
