3060 4752
120 247 233 299 ot-ror
654 239 763 293 mauu
784 241 830 294 xt.

206 432 361 514 Corporis
388 427 520 492 obscuri
548 425 725 491 claustrum
752 427 927 513 Stygiique
954 427 1103 492 maeonis

205 529 369 592 Extenuat
392 523 506 608 dolus,
532 526 566 588 et
590 525 677 588 flecti
703 530 734 588 in
760 525 897 589 meliora
921 533 1055 610 paratus

204 624 407 709 Auspicibus
434 622 536 706 divis,
563 629 709 704 animus,
737 623 906 687 clementis
933 629 1071 689 amicam

203 721 332 788 dudicis
360 725 508 805 exposcit
532 728 624 785 tanto
652 725 681 783 in
709 720 897 786 discrimine
924 721 1090 802 dextram,

207 821 386 884 Praeterea
411 823 507 882 unius
533 819 574 882 ob
601 819 729 884 facinus
756 817 859 882 ferale
886 823 1021 902 perenni

204 915 372 1000 Supplicio
397 922 495 980 totam
521 916 662 981 damnari
690 915 731 981 ab
758 920 885 1002 origine
912 920 1045 998 stirpem

203 1015 337 1078 Aeterni
365 1019 492 1098 pietas,
520 1035 711 1100 quamquam
738 1019 883 1093 irritata,
910 1017 1057 1095 parentis

203 1110 461 1196 Haudquaquam
486 1116 617 1195 patitur:
669 1112 756 1175 Ditis
780 1118 846 1175 tum
871 1109 988 1173 deinde
1013 1105 1141 1174 retundi

203 1209 327 1274 Cuncta
353 1215 535 1274 evertentis
563 1213 651 1274 vires
679 1215 869 1293 animosque
897 1206 1052 1290 decebat,

202 1307 255 1372 Ne
281 1306 376 1370 coelo
403 1305 529 1390 domiti,
555 1315 647 1370 terra
671 1312 813 1388 vicisse,
838 1306 974 1389 superbi

202 1405 375 1471 declarent
398 1423 475 1468 sese
502 1408 609 1491 genii,
634 1403 819 1489 nullamque
842 1403 981 1488 relinqui

202 1503 394 1590 Terrigenis
421 1506 451 1564 in
476 1521 580 1588 regna
602 1506 686 1566 viam
713 1501 893 1582 coelestia,
921 1499 1015 1564 salva
1089 1543 1094 1552 -

201 1599 356 1680 Justitia,
382 1597 506 1662 clausis
531 1603 699 1682 primaevo
726 1605 863 1663 crimine
890 1603 1006 1682 portis.

202 1697 264 1762 llis
290 1703 419 1776 motus,
446 1702 550 1781 patrio
578 1704 685 1760 nutum
713 1696 884 1760 demittere
911 1694 1050 1780 Olympo

203 1795 363 1859 Constitui
390 1803 424 1858 ct
450 1799 573 1858 teneris
599 1793 800 1878 majestatem
828 1792 950 1858 abdere
976 1791 1150 1872 membris,

203 1891 245 1956 Ut
271 1899 379 1955 terroe
406 1898 579 1976 expositus
603 1891 699 1956 furiis
726 1901 823 1977 atque
849 1891 957 1956 hostis
987 1890 1110 1966 Averni

201 1989 352 2070 insidiis,
379 1996 470 2052 casta
495 1989 595 2056 divini
622 1993 794 2076 sanguinis
820 1989 904 2052 unda

201 2087 375 2150 Lustrarct
401 2094 506 2150 terras
534 2087 727 2171 culpamque
756 2085 925 2166 aboleret,
948 2097 982 2150 et
1008 2083 1066 2149 illo

203 2185 323 2268 Stipite
350 2203 550 2268 suspensus,
577 2189 702 2248 victrici
731 2192 855 2266 morte,
881 2183 1043 2248 furentem
1142 2228 1145 2236 ·

203 2280 387 2347 Luciferum
414 2281 568 2346 obrueret
592 2287 802 2368 propriisque
827 2288 992 2346 averteret
1019 2285 1130 2344 armis.

203 2379 287 2444 Nam
315 2383 377 2442 nisi
403 2377 559 2462 majestas
583 2369 736 2444 membris
763 2379 872 2444 divina
898 2376 1035 2460 lateret,

202 2475 276 2541 Non
304 2475 415 2542 scelus
443 2476 588 2561 clueret,
611 2474 735 2560 justam
761 2498 833 2541 non·
850 2475 1022 2565 frangeret
1049 2479 1129 2538 iram

204 2573 354 2638 Numinis
380 2577 489 2655 irrisi,
516 2580 624 2660 pietas
648 2579 820 2640 morientis
845 2593 1001 2660 amorque

202 2670 319 2757 impar.
370 2669 521 2734 Humano
549 2676 611 2735 nisi
638 2693 676 2736 sa
703 2677 866 2756 sapientia
892 2678 1016 2758 patris,

204 2769 349 2852 Corpore
378 2767 570 2849 clausisset,
598 2790 659 2832 non
688 2773 837 2833 vinceret
863 2769 920 2831 illa
945 2767 1139 2852 superbum,

204 2864 297 2931 Quae
323 2864 437 2952 Stygis
464 2864 596 2930 insidiis
620 2871 707 2930 victa
732 2873 784 2930 cst
810 2871 943 2947 natura,
969 2872 1149 2950 tyranuum.

302 3060 517 3146 Omnipotens
544 3073 762 3149 angariatus,
791 3081 863 3128 mea
889 3080 1006 3147 magna
1031 3057 1198 3142 voluptas,

202 3158 260 3222 Bis
287 3165 436 3246 genitus,
463 3159 502 3224 de
529 3160 625 3224 Patre
652 3161 743 3241 Deo,
771 3160 810 3225 de
834 3158 974 3244 Virgine
998 3156 1127 3234 Matre,

204 3254 381 3338 Majestate
408 3258 568 3322 hominum
596 3258 762 3338 dominus,
789 3262 913 3344 pietate
937 3254 1156 3340 Redemptor,

204 3353 358 3439 Corporis
385 3354 534 3438 amplexu
561 3355 678 3437 frater,
706 3376 786 3422 nece
813 3359 963 3432 victima,
989 3360 1102 3438 pastor

203 3449 362 3535 Eloquio,
389 3453 556 3537 speculum
578 3453 732 3537 'exemplo
760 3457 962 3538 pretiumque
989 3469 1123 3531 eruore,

204 3547 418 3613 Commissum
444 3550 581 3636 perfecit
608 3570 700 3636 opus.
754 3551 860 3616 (luem
885 3548 1043 3629 condidit,
1068 3546 1182 3611 orbem

202 3645 359 3710 Restituit
385 3647 521 3732 lapsum.
573 3648 680 3713 Quem
706 3655 800 3712 sexta
826 3647 898 3710 luee
925 3651 1068 3729 creavit,

203 3741 307 3807 Sexta
335 3752 444 3810 aetate
471 3745 632 3811 hominem
661 3750 801 3809 moriens
825 3751 991 3827 repararit
1017 3752 1050 3807 et
1075 3741 1141 3806 alto

203 3840 412 3925 Compositus
438 3865 552 3908 somno
579 3843 708 3929 placida
728 3842 795 3926 jam
821 3863 901 3926 pace
929 3847 1080 3928 quiescit.

300 3937 369 4002 lllc·
386 3940 525 4023 quidem*
542 3940 668 4028 lapsum
692 3946 796 4024 potuit
818 3947 891 4004 sine
916 3944 1078 4026 sanguine
1104 3933 1253 3997 mundum

203 4035 390 4100 instaurare
415 4045 448 4101 at
473 4045 659 4124 primaevae
685 4037 866 4102 dissolvere
893 4037 1009 4122 cnlpae

203 4131 339 4197 Vincula
366 4141 400 4198 et
427 4137 614 4201 obstructas
640 4135 724 4201 coeli
751 4133 921 4199 recludere
948 4141 1080 4217 portas,

1099 4228 1170 4296 ro*
