3060 4750
112 175 251 224 butten
652 167 761 220 ciebit
782 169 842 220 Xll.

204 357 329 422 intuitu
354 360 526 437 penetrare
551 353 654 418 datur.

204 453 350 518 Hiberna
378 449 480 514 veluti
506 461 605 535 pontu
627 452 792 535 jactatus,
821 451 920 519 hiulci

204 551 363 616 Fulminis
389 553 559 633 expositus
586 548 665 614 telis
691 557 747 613 aut
771 551 915 634 syrtibus
942 553 1100 632 haerens,

205 647 474 731 Praedonumque
500 651 596 732 vagis
623 656 748 711 tantum
775 670 835 711 non
863 649 985 732 praeda
1010 655 1128 714 carinis

204 747 331 828 Nauia,
358 743 412 808 ubi
442 743 623 809 defunctus
644 742 726 808 coeli
753 745 927 832 pelagique
952 747 1103 832 periclis,

204 846 375 933 lnsperata
402 840 492 906 subit
516 847 654 906 securis
668 847 761 907 'ostia
783 843 883 926 velis,
936 871 938 878 ¹

207 941 405 1027 Auspicibua
432 945 566 1004 meritos
593 945 722 1025 superis
749 939 922 1024 persolvit:
938 942 1079 1006 honores

206 1041 328 1105 Laetus
354 1045 389 1101 et
415 1037 532 1102 effusis
559 1043 590 1103 in
617 1046 744 1122 portum
771 1039 897 1102 civibus
922 1060 1036 1102 omnes

206 1139 382 1204 Enumerat
407 1133 557 1220 coelique
582 1141 687 1200 minas
714 1136 892 1223 pelagique
919 1135 1101 1201 tumultus:

206 1233 299 1300 llaud
325 1232 438 1314 aliter,
466 1241 542 1318 post
567 1241 753 1298 tot-rerum
779 1233 984 1315 discrimina,
1012 1244 1089 1316 post
1116 1244 1166 1296 tot

133 1379 145 1389 -
206 1335 362 1417 Corporis
389 1329 566 1396 illecebras
592 1339 627 1396 et
653 1329 856 1414 conjurantis
885 1330 1005 1394 Averni

204 1429 360 1508 Insidias,
387 1435 485 1515 atque
513 1449 603 1492 arma
628 1437 867 1513 catenatosque
894 1427 1026 1493 labores

207 1527 269 1593 Vix
295 1525 422 1590 tandem
449 1527 631 1590 exhaustus
657 1531 785 1611 patriae
810 1525 1006 1590 sublimine
1031 1532 1154 1610 primo,

205 1625 336 1690 Felices
363 1628 488 1687 animae
513 1629 657 1710 gemitus
684 1622 909 1709 lacrymasque
936 1631 1139 1710 metumque,

206 1723 386 1805 Omniaque
412 1725 561 1805 ancipitis
589 1729 752 1786 transacta
779 1721 926 1806 pericula
951 1728 1038 1786 vitae

207 1818 342 1884 Oblitae
368 1827 403 1882 et
429 1823 544 1882 tristes
570 1820 722 1884 tenebrae
749 1819 956 1903 etsqualida
981 1820 1109 1899 limbi

207 1917 375 1997 Claustra,
402 1917 613 2000 triumphanti
639 1915 754 1982 landes
781 1926 815 1980 et
840 1917 950 1982 debita
976 1919 1153 1987 Cflaisro

208 2015 357 2080 Carmina
383 2020 530 2077 certatim
555 2023 702 2100 pangunt
717 2021 909 2100 'mortisque
934 2014 1115 2103 Stygisqne

165 2173 172 2180 .
207 2112 391 2192 Victorem,
418 2109 608 2192 Dominum,
634 2131 747 2198 regem
773 2112 1010 2199 authoremqne
1034 2109 1153 2176 salutis

207 2210 374 2275 Laudibus
400 2208 515 2273 effusis
543 2208 715 2274 cumulant.
766 2209 863 2273 Dulci
889 2211 983 2274 ebria
1009 2208 1106 2273 corda

207 2307 368 2387 Laetitia,
396 2305 527 2372 infando
553 2313 721 2371 aeternum
745 2307 918 2394 flagrantia
942 2327 1054 2372 amore

209 2404 366 2486 Pectora,
394 2425 477 2469 nuno
496 2402 620 2487 juretis
647 2412 820 2492 praeconia
844 2405 981 2470 vocibus
1009 2425 1070 2468 uria

207 2501 463 2586 Concelebraat3
489 2524 573 2568 nunc
600 2503 705 2568 diuiso
732 2508 910 2568 certamine
937 2512 1071 2591 grates,

208 2601 273 2665 Pro
300 2621 338 2664 se
367 2605 510 2686 quisque
535 2599 637 2664 refert
662 2601 848 2687 collataque
874 2621 1006 2667 munera
1031 2607 1063 2666 in
1090 2606 1197 2685 ipsum

138 2701 139 2706 ’
210 2697 374 2762 Bonorum
402 2697 523 2762 fontem
550 2706 645 2784 grata
671 2705 794 2784 pietate
821 2699 973 2764 refundit.

307 2891 438 2957 Crudeli
467 2898 594 2960 interea
620 2890 727 2958 collisi
755 2893 890 2958 vulnere
918 2899 1041 2974 cruris,
1102 2943 1105 2952 .
1156 2945 1160 2950 .

208 2991 411 3056 Eluctantem
436 2997 574 3056 animaru
602 2991 703 3056 multo
729 2991 799 3056 eum
827 2999 991 3080 sangnine
1017 2992 1158 3076 Dysmas

207 3087 407 3170 Effundens,
435 3095 507 3174 ipso
533 3097 699 3154 extremes
726 3091 788 3154 sub
815 3089 920 3154 limite
946 3098 1034 3156 'uitae

207 3186 367 3251 Prornissi
396 3208 589 3270 memorem,
620 3196 710 3252 certa
736 3208 797 3273 spe
825 3193 938 3270 nixus,
966 3189 1095 3254 dissum

208 3283 370 3367 Supremo
397 3291 527 3370 gemitu·
548 3291 690 3350 monens
716 3284 878 3351 inclamat.
931 3284 1033 3350 Amici

209 3380 318 3446 Audiit
345 3387 503 3446 exaraimis
529 3388 636 3448 victor
662 3389 716 3469 pia
742 3391 818 3448 vota
839 3381 1003 3468 jubetque
1113 3415 1116 3424 .

94 3490 98 3494 '
208 3478 378 3568 Aligerum
404 3479 554 3544 celerare
580 3481 693 3545 ducem
719 3481 890 3565 fractoque
916 3479 1057 3544 solutam

208 3576 354 3662 Corpore
385 3583 416 3640 in
433 3577 579 3662 ,Elysios
604 3583 741 3643 animam
768 3577 931 3642 deducere
957 3597 1099 3662 campos.

208 3673 368 3738 Continuo
397 3675 499 3740 celeri
527 3674 678 3740 sublatus
705 3681 736 3738 in
763 3680 841 3739 adra
866 3695 987 3760 perona,
1065 3711 1071 3729 ι

207 3769 282 3836 darn
303 3771 370 3854 jana
397 3778 558 3860 expiranti
584 3773 826 3856 pulcherrimus
853 3774 981 3843 adstitit
1006 3774 1095 3851 ales,

208 3867 432 3954 Elapsamqne
458 3875 595 3936 animam
618 3876 804 3957 excipiens,
831 3871 1059 3939 frendentibus
1085 3869 1164 3932 (luci

208 3965 438 4050 Attonitirque
465 3969 684 4052 satellitibus,
712 3989 770 4054 per
795 3977 942 4053 proxima
967 3973 1087 4032 montis

208 4065 336 4148 (Quem
364 4063 518 4133 debellati
549 4071 687 4130 victoria
715 4067 800 4132 Ditis
826 4076 860 4132 et
886 4066 969 4132 unda
1138 4160 1180 4224 ¹8
