3082 4746
655 199 897 256 carismatis

230 388 415 481 obnitendo
440 394 558 456 sinent>
585 396 677 454 inte
704 387 910 462 intractabile
937 394 1048 452 vertes

229 487 423 554 Pontificum
448 485 621 574 plebisque
647 486 785 552 odium?
811 505 895 571 quae
921 484 1053 570 spicula
1077 485 1223 572 vibrent,

230 585 327 651 Coae
354 585 472 650 cudent
498 593 676 668 tormenta,
704 584 806 650 vides.
855 583 932 648 dam
956 601 1039 648 saxa
1064 583 1221 672 meosque
1248 605 1250 608 ·

230 683 416 767 Corripient
441 684 526 748 avidi
555 684 720 749 turbarum
746 687 948 765 incensaque
977 681 1117 748 flammis

228 781 325 847 Atria
350 780 515 866 diripient.
567 771 663 846 tlu'od
693 785 723 843 si
750 778 897 844 Romana
922 777 1071 844 furentes

228 878 330 966 Arma
354 878 485 943 doment
510 877 716 962 tumidosque
738 881 904 963 premant,
935 897 1002 962 qno
1024 884 1202 966 sanguine,
1228 889 1362 967 quentis

229 976 385 1042 Cladibus
411 977 493 1040 baec
519 975 619 1040 stabit
646 981 751 1061 pietus
778 977 984 1040 temeraria?
1004 974 1086 1040 ¹vilis
1145 1025 1149 1034 .

228 1075 341 1160 Usque
364 1073 489 1139 adeone
516 1073 574 1138 tibi
601 1080 713 1161 gravis
740 1078 793 1137 est
813 1069 945 1155 jactura
969 1077 1116 1156 cruoris,

227 1173 272 1237 Ut
296 1171 354 1235 tibi
381 1177 574 1236 commissas
599 1177 630 1236 in
659 1177 774 1258 aperta
798 1168 924 1254 pericla
951 1170 1108 1238 cohortes
1233 1221 1235 1224 -

228 1267 382 1352 Objicere
408 1269 493 1334 haud
519 1277 646 1336 metuas
671 1277 814 1334 totamre
839 1267 1029 1352 impendere
1054 1278 1188 1356 gentem

227 1367 333 1432 Unius
359 1373 390 1432 in
418 1373 530 1432 miseri
557 1373 673 1450 vitam,
700 1368 770 1432 fors
797 1365 896 1453 digna
918 1365 1116 1432 ferentisi'

229 1465 304 1530 (luo
331 1465 473 1546 Caesar,
500 1486 565 1551 quc
591 1465 694 1531 Roma
720 1473 840 1550 potens
864 1470 1063 1549 sanctusque
1090 1463 1233 1532 Senatus

227 1561 399 1648 Accipient
424 1563 576 1628 reducem
603 1563 714 1646 vultu,
740 1583 806 1648 quo
830 1560 971 1647 impulsa
996 1561 1126 1646 furore,

228 1661 304 1726 Cua
330 1661 424 1725 rabie
450 1660 593 1748 Augusti
620 1660 788 1746 appellans
815 1658 945 1725 dudaea
967 1658 1127 1744 tribunal,

227 1758 263 1822 ln
290 1768 323 1822 te
350 1780 447 1823 unum
472 1765 643 1846 insurget,
670 1765 839 1824 serratum
864 1756 1017 1821 Caesaris
1044 1757 1193 1838 bostem,

227 1855 380 1921 Eversas·
399 1855 495 1943 leges
522 1855 709 1942 violamque
735 1875 831 1920 sacra
857 1856 1082 1939 retorquens?

228 1953 333 2019 Unum
359 1975 418 2038 pro
444 1953 557 2019 multis
583 1953 678 2018 detur
703 1961 809 2039 caput.
860 1951 978 2017 Annue
1004 1950 1151 2035 mamm,

227 2050 344 2117 Auuue
369 2059 420 2115 tot
448 2073 620 2136 procerum
646 2057 744 2119 votis.
796 2051 887 2116 Satis
915 2073 934 2115 o
962 2055 1045 2114 satis
1072 2049 1176 2116 altnae

227 2149 406 2232 dustitiae,
427 2148 561 2235 jurique
587 2151 695 2217 datum
723 2147 895 2232 est,‘licet
920 2147 977 2212 ilie
1003 2148 1131 2214 Catone·
1190 2173 1193 2180 ¹

227 2247 380 2313 Sanctior
407 2256 504 2334 atque
531 2255 604 2332 ipso
634 2246 689 2313 vel
712 2247 795 2312 divis
821 2247 965 2312 testibus
988 2254 1082 2310 esset

227 2345 378 2430 Scipiade
404 2345 527 2408 melior.
580 2343 636 2408 Sic
661 2341 787 2411 demum
814 2344 931 2426 effata,
958 2341 1090 2408 silentis

227 2442 421 2529 Visceribus
447 2441 676 2524 stupidumque
702 2440 1023 2528 gelu‘Stygiumque
1051 2459 1197 2527 papauer

226 2537 367 2604 Lethaei
394 2536 545 2603 avulsum
570 2537 659 2602 dudi
685 2538 727 2602 de
753 2543 902 2624 margine
928 2535 1038 2604 furtim

225 2635 392 2718 Condidit,
424 2644 459 2702 et
484 2634 617 2702 facilem
643 2635 838 2718 advertens,
868 2640 1214 2721 quacunquesiuistm

226 2733 353 2798 Ominis
379 2737 527 2818 auspicio
553 2733 705 2800 consulta
730 2733 942 2820 abrumpere,
968 2739 1078 2799 tristis

225 2829 408 2918 Augurium
436 2843 575 2900 eventus
603 2840 686 2920 (quc
714 2852 775 2897 non
802 2837 1011 2918 praesentius
1037 2831 1140 2896 ullum

225 2929 400 2996 Turbatam
426 2929 560 3019 infregit
581 2936 742 3007 mentem]
770 2930 856 2995 baud
883 2935 1000 3016 ignara
1024 2928 1165 2994 accendi

225 3024 348 3110 ijicit
372 3035 511 3094 attonito
537 3036 718 3094 monstrum
744 3026 866 3108 ferale,
893 3026 980 3111 quod
1007 3036 1080 3091 atro

226 3124 374 3191 Carmine
402 3127 558 3191 terrificis
584 3127 745 3192 obscurae
772 3130 877 3188 noctis
900 3127 933 3187 in
959 3124 1082 3189 umbris

226 3221 421 3312 Degeneres
447 3231 576 3290 animos
602 3223 726 3288 deserti
753 3243 772 3287 a
796 3220 939 3286 culmine
961 3227 1043 3287 tecti

225 3319 369 3387 Territat
394 3332 428 3387 et
454 3321 533 3386 diris
559 3328 656 3385 vexat
682 3317 861 3383 ululatibus
888 3339 998 3385 aures.

224 3415 331 3500 Hujus
358 3424 388 3481 in
416 3419 600 3484 obscoenos
625 3421 764 3481 mutavit
789 3415 910 3482 callida
936 3416 1047 3484 vultus

225 3510 326 3580 Alitis
357 3515 522 3581 horrificis
549 3523 677 3598 raptum
704 3513 744 3580 de
775 3517 919 3581 crinibus
946 3537 1087 3604 anguem

225 3609 268 3674 Et
296 3612 415 3678 subitis
443 3621 566 3678 tectam
591 3611 710 3697 plumis
737 3613 931 3701 glaucisque
957 3619 1131 3679 minantem
1241 3654 1243 3663 =

225 3707 438 3793 Luminibns,
465 3710 596 3796 lataque
624 3710 794 3778 informem
820 3712 927 3776 fronte
953 3731 1012 3795 per
1037 3729 1137 3776 auras

226 3806 410 3892 Attollens,
439 3807 517 3872 nulli
544 3813 646 3873 visam
672 3808 873 3875 descendere
893 3809 1000 3892 jussit

156 3899 160 3906 '
224 3903 302 3990 lpsa
325 3906 388 3972 sub
418 3926 475 3972 ora
501 3911 559 3971 viri
585 3905 778 3993 plausisque
805 3907 845 3970 ad
870 3914 1017 3989 tempora
1042 3911 1162 3990 pennis

226 4001 429 4089 Obstrepere
453 4012 487 4070 et
512 4004 580 4069 diro
607 4012 809 4071 cunctantem
835 4001 1004 4089 impellere
1030 4003 1160 4091 plausu.

225 4098 374 4188 Diriguit
397 4107 500 4191 primo
527 4110 663 4188 aspectu
690 4100 868 4189 gelidoque
895 4100 1027 4182 solutus
1149 4135 1152 4144 ·
