3082 4748
14 191 16 236 l
121 199 277 270 'nar-ou
678 188 793 268 'cusa
814 211 859 266 nr.

229 400 263 464 ln
291 395 448 464 tumulum
473 403 517 462 et·
534 395 695 484 hammus
721 405 836 481 natae,
861 403 1044 484 interrupta
1067 397 1180 468 tenelli

229 497 386 580 Corporis
414 496 559 582 hospitia
584 502 619 560 et
646 502 738 561 tecta
760 495 955 580 imperfecta·
976 493 1173 583 relinquunt

227 594 413 660 Nasoeutes
438 598 489 658 sic
514 593 611 656 turbo
637 613 733 658 rosas
757 591 937 658 immitibus
962 591 1096 658 Austris

228 693 457 775 Praecipitatus
483 697 554 758 siue
581 689 656 777 lege
682 695 780 774 rapit.
831 689 888 754 Sic
911 707 1011 755 cerea
1034 698 1145 760 castra

228 788 441 876 Depopulata
466 786 560 870 lues,
580 809 645 853 una
669 809 763 873 spem
790 791 900 874 gentis
925 795 961 851 et
986 790 1061 852 anni

230 885 327 952 Clade
353 891 490 972 premit,
516 885 651 951 tumulis
678 884 776 950 orbae
803 904 864 950 sua
893 888 1033 971 pignora
1057 891 1179 952 matres

228 983 433 1068 compununt
454 984 650 1070 fugiuntque
676 981 782 1048 malae
809 987 964 1069 contagia
988 980 1091 1046 sedis.

227 1081 257 1144 0
283 1085 407 1164 sceptri
431 1079 624 1146 malesuada
647 1080 770 1146 fames!
796 1099 857 1144 nec
881 1083 996 1165 regius
1022 1079 1129 1145 inians
1265 1136 1268 1144 n

227 1177 344 1243 Evasit
369 1182 475 1263 patris
499 1176 622 1244 rabiem
639 1175 707 1242 ‘sed
732 1177 773 1242 ab
799 1177 903 1241 ubere
926 1184 1060 1260 raptus,

226 1275 340 1362 Atque
362 1280 536 1361 insperata
549 1272 735 1362 jugulatus*
754 1274 906 1358 cuspide,
931 1277 1038 1337 sensit

228 1371 439 1454 Carnificem,
464 1378 558 1460 prius
583 1371 672 1439 beni
693 1393 796 1458 quam
815 1379 970 1437 senserat
993 1389 1072 1434 esse
1098 1377 1275 1455 parentem.

227 1469 316 1534 Proh
343 1477 496 1553 quantum
524 1475 656 1535 innocui
682 1474 895 1554 nequicquam
922 1471 1093 1554 sauguinis
1118 1467 1231 1534 hausit

227 1565 288 1631 llla
313 1566 401 1633 dies!
427 1567 521 1632 solus
542 1571 639 1652 vivit,
663 1589 759 1655 quem
784 1567 925 1652 perdere
951 1563 1058 1631 solum

227 1661 372 1728 Ambitio
399 1684 560 1752 praeceps
585 1668 671 1732 inter
695 1672 745 1730 tot
770 1664 887 1729 iuuere
909 1666 1045 1748 quaerit.
1131 1659 1133 1666 '

227 1759 378 1846 Namque
403 1767 496 1846 prius
524 1762 685 1848 Superum
711 1763 1055 1844 quatumcumque
1080 1757 1142 1824 sub
1168 1759 1236 1825 alta

227 1857 336 1924 Nocte
362 1858 464 1942 datis,
490 1866 584 1925 saevi
609 1862 737 1928 facinus
763 1856 974 1944 lacrymabile
999 1860 1092 1942 regis

228 1953 373 2019 diductus
399 1957 508 2036 (mora
534 1956 638 2036 nulla)
665 1959 776 2043 fugam
804 1976 875 2022 cum
892 1954 1011 2021 'Matre
1035 1951 1228 2037 Josepbus,
1285 2011 1288 2020 .

228 2047 272 2112 Et
295 2069 399 2135 puero
424 2050 634 2132 accelerans,
660 2053 798 2116 Pharias
824 2054 967 2114 secessit
990 2055 1023 2112 in
1047 2051 1159 2114 urbes.

229 2143 324 2210 lllius
348 2145 521 2210 adventurn
538 2150 751 2211 'tremuerunt
776 2149 895 2229 Caspio
920 2165 1040 2230 regnu,

228 2240 271 2306 Et
294 2243 547 2328 septemgemini
572 2243 744 2308 turbarunt
768 2243 901 2308 flumina
925 2239 1012 2306 Nili:

229 2337 517 2425 Omnigenumqne
540 2338 646 2404 Deum
672 2349 818 2404 monstra
843 2347 877 2402 et
900 2331 1036 2404 latrator
1061 2333 1186 2403 bauhta

230 2435 383 2500 Desertis
407 2434 527 2521 fugere
552 2436 670 2520 adytis.
720 2435 772 2501 Ne
799 2452 922 2520 quaere
946 2433 1059 2498 doceri

233 2531 384 2596 (dualiter
409 2531 562 2597 imbelles
585 2531 692 2599 infans
706 2538 869 2622 ''exegemt
894 2551 1006 2596 annos.

230 2626 302 2692 Soli
327 2627 405 2692 illos
431 2635 525 2694 matri
551 2630 603 2694 ias
629 2639 735 2716 scire,
763 2647 930 2716 exponere
956 2626 1040 2694 solis

231 2723 419 2790 Caelicolis.
470 2725 562 2790 Nihil
588 2733 620 2790 in
648 2733 762 2811 cunis,
782 2725 870 2812 quod
888 2724 1029 2813 vVirgine
1056 2721 1185 2803 Matre,
1264 2781 1267 2790 Δ

200 2909 203 2916 ¹
232 2821 330 2888 (duod
351 2830 507 2887 nascente
533 2823 607 2886 Deo
627 2823 804 2912 indignum
854 2821 1277 2899 manutenementum,
1309 2852 1316 2862 ·

230 2916 329 2983 Meus
355 2923 444 2983 vitiis
471 2925 608 3000 intacta,
635 2943 696 2986 suo
723 2919 885 2986 cumulata
911 2917 1031 2982 decore

230 3013 416 3080 Florebant.
469 3014 602 3080 Puerile
627 3017 709 3081 nihil
734 3015 924 3104 puerilibus
943 3019 1043 3080 aunis
1118 3057 1120 3062 κ

231 3111 373 3177 Cernere
399 3122 490 3195 erat,
517 3111 627 3178 nullos
655 3123 786 3198 motus,
808 3117 953 3199 vestigia
975 3090 1065 3177 uuella

230 3205 376 3272 Naturae
401 3214 580 3292 peccantis.

231 3303 389 3370 Aureolis
414 3313 508 3392 pueri
534 3315 611 3372 sese
636 3316 762 3374 matura
785 3307 915 3392 capillis

231 3401 375 3467 Canities
400 3421 525 3468 morum
550 3403 705 3470 occuluit.
754 3404 880 3470 Blando
908 3401 1030 3468 insidet
1055 3417 1114 3465 ore

229 3497 264 3562 ln
290 3504 391 3574 risum
417 3498 504 3564 solvi
532 3497 706 3588 indignata
731 3501 903 3569 modestia.
953 3500 1077 3566 Laetos

230 3593 397 3678 Majcstas
421 3606 566 3684 augusta
590 3597 706 3664 oculos
730 3598 937 3685 frontemque
962 3613 1115 3662 serenam
1251 3658 1254 3666 Α

200 3711 202 3714 ·
230 3691 413 3776 Temperat.
465 3693 659 3760 Ambrdsiae
682 3694 786 3760 dulcis
812 3693 962 3761 fecundia
984 3693 1117 3780 linguae

231 3787 413 3854 Attonitum
438 3799 570 3878 ropeoet
595 3791 715 3858 divinis
741 3792 887 3858 Nestora
912 3793 1033 3858 verbis.

230 3883 400 3952 Sidereum
426 3887 581 3974 lacrymis
606 3889 732 3964 vultum
757 3890 831 3955 dum
857 3895 1006 3976 spargit,
1033 3892 1064 3952 io
1087 3881 1209 3951 imbres

146 4019 153 4028 ι
231 3980 387 4048 Solvitur·
406 3986 549 4051 obscura
571 3986 719 4054 clausum
745 3986 887 4076 ealigine
913 3984 1050 4052 eoelum.

231 4078 315 4146 Dum
340 4079 504 4150 delenitus
530 4091 676 4152 matarum
701 4090 843 4154 carmine
867 4081 1017 4151 blandum
