3056 4758
114 240 248 291 'rsa-stt
637 235 746 290 lelllt
767 237 837 290 XVl.

297 423 356 487 Cui
381 428 475 486 uatus
501 428 610 486 roseis
635 421 784 486 delibans
811 424 925 489 oscula
950 423 1067 491 labris:

199 521 303 585 Parce
330 525 413 606 plis,
440 525 601 608 genitrix,
626 526 713 584 votis
740 522 941 610 fratrumque
967 546 1126 606 meorum,

200 619 304 684 llueis
331 640 396 706 ego
422 627 455 683 te
483 625 616 682 mairem
642 617 895 706 solatricemque
923 621 1091 710 relinquo,

199 716 323 800 Aspice
350 715 512 782 solicitum
541 724 575 778 et
601 735 726 780 mecum
753 725 909 783 miserere
936 727 1095 785 timorem.

199 813 256 878 Sic
281 819 342 876 alt:
371 822 615 897 extremumque
642 813 825 901 amplexum
852 826 886 880 et
911 816 1022 882 debita
1048 824 1141 882 matri

199 909 324 976 Oscula
349 911 561 996 persolvens,
586 920 734 975 moestos
751 913 886 978 solatur
913 913 1061 980 alumnos

200 1010 477 1096 Praeserrternque
504 1013 574 1072 suis
600 1017 747 1073 extrema
774 1031 833 1096 per
860 1017 966 1076 omnia
992 1034 1101 1078 rerum

199 1104 365 1188 Consilio,
391 1106 531 1188 auxilio,
559 1110 683 1189 pietate
710 1128 872 1194 manuque
897 1109 1042 1174 futurum

199 1203 353 1268 Crebrius
381 1209 604 1292 ingeminans,
631 1201 775 1268 dextram
802 1211 833 1269 in
859 1207 998 1271 sublime
1026 1209 1164 1274 tetendit

199 1301 432 1392 Expressaque
460 1307 568 1368 crucis
593 1300 702 1367 vitalis
729 1308 888 1394 imagine,
913 1325 1026 1392 pacem

199 1399 358 1465 Omnibus
384 1405 523 1485 inspirat
550 1397 765 1485 blandumque
792 1407 822 1466 in
850 1413 987 1487 pectora
1012 1423 1166 1467 amorem.

198 1496 279 1561 Mox
304 1495 459 1563 fortunati
487 1517 643 1583 supremo
669 1503 700 1560 in
727 1505 852 1563 vertice
878 1505 997 1563 montis
1082 1567 1085 1575 ,

198 1595 412 1677 consistens,
443 1614 596 1680 suprema
621 1613 737 1659 sacrae
763 1601 908 1684 vestigia
933 1605 1042 1662 terrae

196 1691 387 1778 impressit,
414 1692 514 1758 nullis
539 1699 708 1757 aeternum
735 1693 897 1758 abolenda
919 1699 1021 1758 ruinis

199 1788 353 1856 Aetheris
379 1798 437 1855 aut
463 1792 589 1876 hyemis
615 1787 710 1854 iuriis
737 1799 794 1856 aut
820 1790 907 1858 alitis
935 1792 1048 1856 Austri

198 1886 348 1973 Viribus,
376 1898 412 1953 et
437 1892 572 1976 propria
596 1907 777 1975 assurgens
803 1895 833 1952 vi
862 1889 967 1956 fertur
991 1893 1023 1950 in
1050 1887 1163 1952 altum.

199 1984 337 2049 Attoniti
360 1993 511 2070 spectant
536 1982 710 2070 oculisque
732 1995 913 2071 sequuntur
937 1990 1051 2065 amici,

199 2082 242 2148 Et
267 2082 453 2164 desiderio,
477 2083 597 2170 plausu
626 2081 822 2168 fremituque
848 2082 993 2150 secundo

199 2179 363 2245 Mirantur
389 2180 597 2268 gaudentque
622 2199 684 2243 nec
708 2180 891 2244 abducente
917 2180 1078 2266 quadriga

199 2277 258 2357 (Ut
282 2277 441 2362 quondam
468 2276 578 2359 Elias)
605 2297 664 2340 nec
689 2277 964 2360 suspendentibus
990 2277 1053 2341 alis

199 2375 382 2442 Coclituum
408 2375 521 2463 liquidi
547 2375 769 2440 conscendere
798 2375 931 2442 caerula
957 2373 1067 2455 coeli,

198 2472 263 2538 Sed
289 2477 420 2557 propria
445 2479 566 2538 virtute
592 2492 690 2538 auras
715 2481 844 2537 tranare
871 2467 1001 2558 sibique

199 2571 320 2636 Aerias
345 2575 473 2654 aperire
499 2577 580 2636 vias.
630 2568 730 2634 Velut
754 2577 872 2659 igneus
899 2570 996 2638 ardor

198 2669 325 2733 Aestivi
349 2667 433 2732 solis
458 2667 627 2732 decoctum
654 2667 765 2731 sidere
791 2688 899 2737 rorem

198 2765 343 2831 Attrabit
364 2776 398 2830 et
425 2775 544 2829 tenues
569 2768 653 2848 rapit
680 2769 710 2828 ia
737 2763 880 2830 sublime
907 2786 967 2848 per
990 2787 1098 2831 auras.

297 2959 390 3025 llaec
417 2959 492 3025 dum
517 2959 689 3046 discipulis
716 2959 880 3028 CHRISTl
914 2960 1058 3024 miranda
1084 2961 1253 3042 videntur,

199 3061 470 3142 immemoresque
496 3064 548 3123 sui
569 3057 716 3142 jucundo
742 3065 880 3143 pectora
904 3066 1044 3143 pascunt

199 3156 342 3236 0btutu,
368 3156 478 3220 subito
505 3157 610 3220 nubes
636 3161 812 3240 impervia,
839 3155 915 3220 velo

198 3253 387 3338 Suspensus
413 3252 533 3318 fallens
560 3250 693 3335 oculos,
720 3253 821 3318 decus
847 3271 941 3316 omne
968 3251 1111 3318 volantis

197 3351 305 3435 Eripit
330 3355 452 3416 invitis.
502 3351 575 3415 Nec
599 3349 706 3414 adbuc
733 3351 840 3415 defixa
866 3358 1058 3436 retorquent

198 3448 333 3512 Lumina
360 3469 419 3512 nec
445 3447 557 3512 fessos
583 3467 644 3532 per
667 3455 718 3511 tot
742 3447 898 3512 miracula
923 3453 1033 3527 visus,

197 3546 313 3610 Donec
335 3545 374 3609 ab
401 3543 558 3610 aethereo
585 3543 765 3610 redeuntes
792 3544 889 3627 orbe,
916 3549 1061 3632 parentis

198 3641 331 3708 Aeterni
357 3646 526 3726 imperium
552 3645 673 3728 gemini
695 3659 886 3724 exposuere
912 3662 1033 3706 serena

197 3739 286 3804 Luce
311 3745 521 3806 coruscantes
549 3742 709 3822 niveaque
736 3743 768 3800 in
795 3747 887 3804 veste
915 3744 1062 3804 ministri.

196 3835 276 3902 lllox
301 3838 429 3903 alacres
450 3835 557 3920 jussis
584 3843 756 3920 parentet
779 3846 888 3902 monte
911 3836 1026 3901 relicto

196 3935 364 4001 Festinant
390 3935 489 4001 celeri
516 3931 692 4020 Solymaea
717 3937 747 3995 in
772 3939 901 4001 moenia
926 3953 1058 4023 gressu.
