3056 4758
634 228 874 286 cttitisulunos
1254 235 1394 288 sat-⁸25

209 413 341 498 Afflati,
368 414 525 482 cecidere.

209 511 354 578 Tandem
379 514 435 578 ubi
459 519 512 578 vix
537 511 639 600 longo
664 519 741 598 post
765 520 913 600 tempore
943 521 1082 602 sanguis
1107 522 1140 582 iu
1167 526 1261 584 artus

209 609 395 695 Torpentes
420 616 541 676 iterum
565 615 734 694 inserpsit·
749 617 904 697 viresque
931 621 1104 698 receptae,

210 706 377 794 Prodigiis
404 715 467 774 acti
494 708 713 790 coelestibus,
739 709 817 774 alite
841 715 940 773 vento

210 806 415 890 Praecipites
441 812 547 894 magis
573 825 612 870 ac
636 807 721 870 velis
746 808 1021 892 praegnantibus,
1048 808 1163 874 urbern

209 902 364 968 Certatim
391 911 543 989 repetunt
567 909 787 989 monstrisque
813 894 1002 991 ingentibus
1028 905 1175 992 implent.

304 1096 349 1162 At
374 1097 511 1185 vigilum
535 1095 697 1163 abscessu
722 1106 757 1163 et
782 1097 922 1163 revoluti
950 1097 1092 1185 denique
1117 1105 1189 1164 sani

207 1196 333 1262 lntuitu
357 1194 575 1260 Matronarum
605 1215 683 1281 apes
709 1195 818 1260 addita
843 1203 968 1260 mentes

206 1292 346 1358 Excitat.
397 1291 566 1357 Accedunt
590 1293 705 1358 avidae
730 1300 945 1376 reserataque
970 1311 1087 1358 sacrae

207 1388 308 1453 Ostia
333 1388 509 1475 speluncae
534 1390 621 1457 dulci
647 1411 795 1456 moerore
821 1389 977 1454 salutant

207 1485 271 1550 Vix
296 1491 399 1571 primo
424 1507 568 1573 posuere
594 1487 696 1574 pedes
722 1486 908 1568 inlimiue,
935 1494 969 1552 et
993 1505 1072 1552 ecce

207 1583 373 1648 coelestis
399 1590 488 1670 genii
514 1585 570 1651 lux
593 1591 771 1670 improvisa
793 1591 924 1650 tuentes

206 1680 354 1762 Terruit,
380 1689 414 1745 et
438 1690 528 1748 rosei
554 1683 711 1767 majestas
737 1701 839 1746 aurea
864 1680 984 1746 vultus.

206 1777 443 1862 compressere
469 1779 614 1866 gradum.
664 1777 711 1843 At
735 1777 880 1864 trepidas
907 1777 1146 1864 pulcherrimus
1171 1777 1242 1843 ales

205 1871 319 1938 Affatu
344 1873 430 1939 dulci
454 1876 616 1962 uultuque
641 1881 758 1941 inritat
783 1895 930 1940 amoeno.
1291 1877 1295 1880 ’

204 1969 336 2034 Felices
362 1978 506 2056 animae,
532 1979 664 2059 superis
691 1976 883 2060 gratissima
908 1977 1035 2036 tristem

206 2068 323 2133 Ponite
348 2068 448 2135 corda
471 2077 607 2157 meturn3
632 2073 729 2136 rubis
755 2091 822 2158 ego
848 2075 970 2134 missus
994 2068 1034 2133 ab
1060 2067 1128 2134 alto

205 2163 370 2248 Aethere,
397 2174 611 2254 compositum
638 2167 722 2233 dulci
747 2188 830 2253 quae
857 2168 954 2232 funus
978 2185 1090 2230 umore

206 2261 376 2328 Quaeritis
402 2273 437 2329 et
462 2287 557 2330 sacro
585 2266 756 2331 cumulatis
783 2265 867 2331 dona
891 2262 1080 2348 sepulchro.
1124 2313 1127 2318 .
1187 2282 1218 2312 ‘r

204 2358 261 2422 Nil
288 2366 395 2426 tumen
423 2361 477 2426 his
503 2383 588 2444 opus
613 2369 682 2426 est:
708 2369 814 2428 victor
840 2366 1019 2445 mortisque
1046 2359 1228 2447 Stygisque

205 2452 389 2521 Aethereas
414 2458 513 2521 rediit
539 2459 733 2526 Caals‘rus
759 2457 924 2522 redivivus
950 2462 981 2519 in
1009 2477 1117 2520 auras.

205 2552 366 2633 Comitis,
391 2560 428 2616 ut
451 2558 544 2618 vacui
570 2553 703 2618 sedeam
729 2574 833 2640 super
858 2573 916 2617 ora
941 2552 1139 2638 sepulchri?
1204 2591 1213 2612 ἢ

205 2649 336 2713 Cernite
364 2656 397 2712 et
422 2657 570 2716 errantes
596 2655 740 2715 monitae
768 2656 968 2738 compescite
993 2650 1092 2715 fletus

203 2743 246 2808 Et
272 2744 401 2810 celeres
426 2747 525 2812 Petro
551 2753 675 2832 pariter
698 2751 886 2833 sociisque,
913 2756 1046 2813 cruento

204 2841 374 2908 Perculsis
400 2846 528 2910 Domini
554 2845 642 2926 fato,
669 2865 741 2908 mea
763 2844 851 2910 dicta
875 2845 1010 2910 referte.
1119 2889 1121 2897 ι

201 2937 277 3023 lpse
303 2946 422 3008 etenim
449 2942 567 3007 charos
594 2941 741 3006 Galilaea
765 2947 796 3005 in
821 2963 899 3006 rura
924 2942 1063 3006 clientes

202 3037 363 3104 Promissi
389 3058 513 3104 mernor
538 3039 676 3104 anteibit
702 3057 844 3126 seseque
872 3038 1044 3103 ridendum

203 3133 349 3218 objiciet
373 3136 641 3201 noto-Thaborei
664 3140 696 3198 in
724 3134 862 3200 culmine
889 3139 1019 3200 montis.

297 3327 453 3392 Dixerat:
480 3335 515 3393 at
540 3328 667 3392 crebris
694 3328 844 3393 turbatae
870 3336 1006 3412 pectora
1031 3331 1203 3406 normis„

202 3419 276 3484 Non
303 3429 388 3487 satis
413 3424 582 3489 advertunt
609 3431 750 3490 monitus
777 3445 837 3490 nec
864 3427 1002 3491 credere
1029 3431 1182 3510 possunt,

202 3515 313 3580 Morte
339 3521 536 3604 triumphata
560 3522 711 3587 reducem
737 3542 919 3607 superesse
946 3527 1149 3609 magistrum.

201 3612 349 3696 Depulso
376 3623 504 3680 terrore
530 3625 637 3684 tamen
660 3618 757 3702 juvat
782 3626 829 3684 lre
859 3640 1025 3704 novasque

202 3709 387 3794 Spectando
414 3711 574 3794 lacrymas
599 3721 727 3802 excire3
757 3716 925 3782 effundere
951 3715 1098 3780 habenas

101 3893 104 3898 Ι
172 3807 391 3872 'Planctibus
419 3817 454 3872 et
477 3809 600 3873 tumulo
626 3811 739 3877 dulces
765 3819 962 3900 immergere
987 3811 1125 3876 nimbus.

201 3903 264 3968 Vix
289 3913 414 3972 antrum
442 3910 631 3992 ingressae,
659 3908 751 3973 chari
778 3908 960 3993 penetralia
986 3906 1122 3972 claustri

201 4000 403 4068 collustrant
428 4002 532 4068 oculis
557 4003 673 4068 avidae
700 4003 863 4090 funusque
890 4009 1077 4091 requirunt,

201 4095 423 4186 Absentisque
450 4099 634 4166 novatum
661 4107 809 4186 corporis
836 4108 902 4168 icta
926 4111 1062 4188 stupore
