3056 4758
158 237 230 302 aaa

668 233 910 288 cualsrmnos

245 415 288 480 Ut
316 437 433 506 magno
460 423 603 484 moriens
631 419 765 486 caderet
789 423 978 509 gratissima
1002 425 1086 508 patri
1168 473 1170 480 ι

245 513 397 596 Victima,
425 523 460 581 et
485 516 627 583 edomita
654 517 744 584 letlrn
771 527 847 603 post
869 521 969 585 funus
994 525 1025 582 in
1052 539 1151 584 auras

244 610 370 677 Vitales
396 613 510 696 rediit,
534 616 698 701 fractique
722 615 920 682 Acherontis
947 621 1065 702 opimis

241 710 389 799 Insignis
415 712 552 796 spoliis,
582 715 771 780 conscendit
789 720 827 778 -in
855 714 993 780 aethera
1018 720 1140 797 victor,

242 811 409 876 (luattunr
435 811 591 875 aetherea
618 817 749 898 genitur
773 812 817 877 de
840 817 942 896 stirpe
964 811 1120 899 jugales,

242 906 455 991 ssuadruplici
482 907 590 972 claros
618 908 708 974 vultu
735 921 769 974 et
793 909 996 996 fulgentibus
1023 908 1085 976 alis

242 1005 327 1070 Ante
354 1005 562 1088 triumphalis
588 1011 700 1091 pusnit
724 1007 807 1094 juga
833 1006 922 1072 celsa
948 1007 1140 1094 quadrigae.

240 1104 387 1168 Dextera
412 1107 607 1186 magnanimi
634 1109 741 1168 cervix
770 1105 835 1170 fert
862 1125 920 1170 ora
947 1105 1085 1185 Leonis,

239 1199 376 1264 Humani
404 1198 509 1263 media
535 1205 565 1264 in
592 1207 734 1283 speeiem
762 1201 981 1286 pulcherrima
1008 1203 1119 1267 vultus

239 1298 403 1382 Erigitur,
432 1295 540 1361 blandi
567 1299 671 1363 facies
699 1301 775 1364 huic
802 1299 895 1364 laeva
919 1299 1059 1366 Jnvcnci

238 1393 409 1474 Succedit,
436 1415 538 1480 super
565 1397 623 1460 iras
652 1395 790 1483 Aquilae
815 1417 893 1461 sese
919 1397 1022 1462 ardua
1047 1394 1158 1462 fulvae

238 1491 305 1555 Ora
329 1489 446 1556 levant.
499 1491 615 1558 Oculis
642 1493 755 1581 fulgur
782 1494 986 1560 vibrantibus
1011 1503 1117 1558 ortum

237 1589 386 1673 Respicit
412 1589 483 1670 hic,
509 1589 566 1654 ille
594 1613 743 1656 oceasum
768 1599 976 1677 prospectat,
1003 1592 1042 1656 ad
1072 1590 1227 1657 Austrum

236 1687 387 1766 Tertius,
415 1697 449 1751 at
474 1686 659 1771 Scythicum
687 1702 822 1773 quartus
849 1697 916 1756 stat
942 1690 1052 1754 vultus
1079 1695 1111 1752 in
1138 1709 1241 1754 axem.

238 1784 327 1850 (lunt
351 1785 471 1875 facies,
499 1792 548 1849 tut
574 1785 714 1852 sidereis
740 1787 955 1852 animantibus
982 1786 1056 1851 alae
1094 1833 1097 1838 -

237 1883 285 1946 Ex
315 1884 457 1946 humeris
483 1892 642 1970 surgunt,
669 1883 801 1970 illisque
826 1893 941 1949 exerta
967 1883 1028 1948 sub
1056 1882 1118 1948 alis

236 1980 377 2046 Brachia
403 1987 641 2066 porrectaeque
668 2001 783 2045 manus
811 1981 978 2065 (mirabile
1004 1981 1110 2058 dictu)

238 2077 419 2163 Apparent.
471 2078 591 2142 Partim
620 2085 740 2144 erectis
764 2101 864 2166 super
890 2079 995 2144 ardua
1019 2084 1136 2164 pennis

236 2177 399 2259 Tempora
425 2175 568 2239 caerulei
593 2176 731 2242 volitant
756 2199 816 2263 per
841 2182 949 2241 inania
977 2181 1098 2261 campi3

238 2274 359 2338 Partim
389 2273 581 2356 submissis,
608 2295 768 2340 accensae
795 2274 956 2360 lampadis
983 2280 1104 2353 instar,

236 2371 303 2436 Aut
329 2377 429 2435 turris
456 2373 603 2436 flammae
629 2378 790 2455 immersi,
818 2372 963 2436 lucentia
991 2369 1101 2435 velant
1156 2417 1158 2424 ,

236 2470 384 2551 Corpora
407 2468 655 2554 flammatosque
682 2468 791 2552 pedes.
843 2469 914 2532 Hos
942 2477 1070 2532 vertere
1096 2472 1128 2530 in
1153 2487 1290 2548 omnem,

237 2565 309 2628 Nee
336 2566 421 2628 flexa
447 2571 576 2630 cervice
601 2586 661 2629 nec
688 2571 761 2652 ipso
788 2585 947 2650 corpore,
974 2575 1099 2650 partem

237 2661 450 2747 (luadrnplici
478 2671 564 2727 motu
592 2670 728 2749 norunt3
755 2664 933 2748 eademque
961 2663 1109 2728 rotundis

235 2760 351 2825 Forma
377 2758 493 2846 pedum
520 2770 573 2826 est
599 2761 735 2846 plantis,
763 2783 856 2848 qnam
884 2761 1005 2846 plantis
1031 2779 1110 2824 esse
1131 2759 1264 2842 juvenci

235 2859 428 2939 Cernimus,
455 2857 494 2922 ad
522 2866 650 2925 vitreae
676 2867 766 2944 ripas
793 2859 920 2943 quando
948 2858 1085 2922 accubat
1110 2855 1225 2920 undae.

236 2956 399 3021 Quattuor
426 2957 479 3020 his
505 2957 648 3022 subeunt
673 2957 842 3042 formaque
868 2966 903 3021 et
928 2955 1014 3020 rnule
1040 2953 1220 3039 stupendae

234 3053 277 3118 Et
303 3052 434 3140 fulgore
460 3062 570 3140 rotae3
595 3054 712 3141 placidi
742 3075 814 3118 nam
841 3054 975 3118 caerula
1001 3058 1091 3137 ponti

233 3150 395 3216 Mentitur
422 3151 513 3216 color
538 3161 571 3216 et
596 3153 690 3216 viridi
718 3161 844 3215 vastum
870 3155 950 3216 atina
977 3149 1050 3214 luce

235 3249 424 3330 Perfundit,
450 3249 620 3334 medioque
646 3256 699 3313 sui
726 3258 798 3313 rota
824 3249 991 3332 quaelihet
1016 3247 1097 3312 urbe

232 3344 380 3410 Alterius
408 3367 556 3411 connexa
581 3354 672 3411 rotae
699 3351 885 3412 curvamina
911 3344 1032 3410 claudit

232 3442 275 3507 Et
299 3443 407 3506 trifido
432 3444 554 3507 infensi
581 3449 744 3526 pernicius
770 3451 847 3531 igne
872 3444 1047 3526 Tonantis,

233 3539 267 3602 ln
294 3547 416 3623 partem
445 3550 537 3603 recto
565 3559 788 3626 quamcunque
815 3538 979 3604 volumine
1007 3540 1121 3603 fertur.

233 3636 281 3701 Ac
306 3634 410 3701 veluti
437 3641 537 3700 variis
564 3638 634 3702 ales
659 3636 803 3703 Junonta
828 3643 933 3724 piugtt

232 3735 418 3799 Vernantes
444 3733 550 3797 oeulis
576 3755 716 3819 pennus:
745 3740 793 3798 sic
818 3755 968 3821 quaeque
994 3739 1139 3798 rutarum

232 3830 381 3896 Sidereis
406 3836 526 3895 animat
548 3830 652 3908 (dictu
680 3830 845 3913 mirabile)
872 3831 989 3896 circlos

232 3929 484 4017 Distinguitque
512 3927 635 4009 oculis,
664 3928 783 4013 quibus
809 3933 915 3992 omnia
940 3945 1076 3990 cernere
1101 3944 1256 4008 pronum,

232 4025 323 4092 Unde
350 4048 411 4090 suo
438 4045 515 4090 sere
540 4025 674 4089 arbitrio
702 4025 766 4090 fert
791 4030 865 4107 ipsa
891 4023 1058 4110 refertque

231 4123 265 4192 ln
293 4143 518 4212 quamcunque
542 4121 632 4188 volet
658 4132 800 4208 partem,
830 4141 889 4186 nec
914 4131 1018 4187 tracta
1042 4125 1237 4206 sequentem
