3082 4746
645 204 888 261 marianos
983 189 990 196 '

218 393 306 460 Ecce
331 394 390 459 tibi
417 399 598 474 (incautum
623 398 743 480 gentas
770 390 1028 479 Phlegethontis
1053 373 1174 478 egebat

218 491 348 558 Attinas
374 492 471 557 lateri
498 499 533 556 ct
557 491 697 576 praedae
716 490 786 574 jam
812 491 951 572 certior)
978 487 1067 554 illam

217 589 332 655 Incidit
357 595 389 654 in
418 589 534 669 ficum,
559 609 645 674 quae
671 589 782 654 densis
808 587 927 652 florida
954 593 1074 668 ramis,

217 688 260 753 Et
284 688 395 753 nitidis
423 687 549 751 Phoebi
572 686 672 750 radiis
699 692 870 768 impervia,
898 684 1056 769 qnondam

219 784 354 850 Civibus
380 791 544 872 acceptam
567 784 737 868 fessisque
762 782 954 870 agrestibus
980 783 1125 846 umbram

217 883 393 947 Praebuit:
420 890 453 946 at
479 901 582 964 nnper
607 880 782 948 CHR18T0
806 887 985 946 enarrante
1009 881 1184 965 superbum

217 981 380 1065 Expansis
407 987 555 1043 truncum
579 977 670 1042 foliis
697 985 730 1041 et
756 978 863 1064 frugis
889 982 1033 1060 irranem,

217 1078 388 1142 Umbrosis
414 1074 551 1139 viduata
577 1080 706 1158 comis‚'
724 1093 786 1138 ceu
811 1074 946 1141 fulmine
972 1085 1079 1158 taeta,
1133 1107 1136 1114 ⁴

217 1178 333 1255 Aruit,
358 1180 509 1258 ingratae
536 1177 752 1260 praesignans
776 1173 891 1238 lunera
919 1179 1050 1260 gentis,

219 1273 313 1339 ssuae
338 1291 494 1357 proavum
520 1276 646 1334 meritis
673 1280 707 1334 et
732 1268 903 1354 majestate
930 1291 1098 1336 sacrorum

218 1370 421 1451 Luxuriaus,
446 1373 585 1454 'operum
611 1375 717 1432 tamen
740 1368 956 1452 infoecunda,
982 1373 1116 1453 superni

216 1465 396 1554 Agricolae
412 1471 562 1553 egregio
589 1487 660 1530 non
678 1465 897 1550 respondebat
921 1472 1032 1532 amori.

216 1562 261 1628 Ut
282 1570 419 1647 primam
446 1565 528 1629 hano
554 1563 659 1628 oeulis
687 1565 817 1647 hausit,¹
845 1584 912 1647 me,
940 1585 992 1629 me
1014 1569 1081 1628 ista
1095 1569 1273 1628 morantem

215 1661 368 1745 lnerepat
393 1661 492 1726 arbor
517 1664 596 1738 (ait)
621 1668 668 1725 tot
693 1662 863 1727 frondibus
887 1662 969 1724 orba
994 1665 1122 1746 sitique
1242 1713 1244 1718 ,

215 1757 395 1824 Aeternum
422 1759 589 1842 damnata,
616 1779 842 1844 necunquam
868 1757 1024 1823 habitura
1048 1764 1209 1822 virorem:
1273 1779 1278 1794 ²

216 1856 476 1941 Quidquam,
502 1857 578 1943 quid
606 1877 717 1944 agam,
743 1877 827 1941 qnae
852 1877 903 1920 me
926 1855 1069 1934 uindicta
1094 1861 1273 1920 merentem

214 1955 443 2039 Oppressum,
471 1954 576 2018 docet.
629 1956 724 2020 θυαε
752 1969 804 2036 tc,
831 1953 1029 2019 miserabilis
1054 1955 1198 2035 arbor,'

217 2050 364 2116 Perculit
385 2058 550 2118 insontem
577 2075 639 2117 non
666 2053 830 2118 evitabilis
856 2058 924 2136 tra,

214 2148 306 2215 llaec
329 2149 441 2216 eadem
467 2171 519 2215 mc
545 2155 731 2235 promeritis
749 2148 938 2233 justissima
963 2149 1043 2214 diris

214 2246 377 2313 Devovet.
429 2248 503 2314 lleu
530 2270 594 2336 ego
615 2245 649 2312 ‘te
676 2269 793 2333 meque
820 2251 889 2313 uno·
912 2253 1045 2314 crimine
1071 2245 1230 2311 demens¹

213 2344 362 2411 Extinxi!
387 2345 478 2409 laeta
502 2345 678 2408 frondebas
702 2345 825 2410 nobilis
850 2345 980 2426 ambra,

216 2440 409 2526 Spondebas
435 2441 549 2504 dulces
574 2450 703 2506 maturo
730 2443 879 2529 tem'pore
905 2441 1051 2521 fructus,

215 2539 388 2604 Foccunda
414 2537 525 2602 radice
552 2545 663 2602 virens
688 2537 864 2624 validoque
884 2539 1044 2623 juventae

216 2637 348 2701 Robore
378 2635 430 2700 vel
455 2639 541 2700 seris
566 2635 696 2700 factura
721 2638 896 2720 nepotibus
920 2638 1078 2703 umbram.

218 2732 260 2796 At
284 2739 455 2818 postquam
482 2733 580 2797 furiis
607 2741 700 2798 actus
727 2737 927 2822 perfusaque
954 2735 1055 2800 nardo

216 2831 379 2912 Tempora
404 2837 572 2896 vescentis
599 2831 717 2902 domini
741 2835 950 2923 indignatus,
976 2840 1009 2898 in
1037 2831 1152 2896 urbem
1276 2870 1280 2882 ι

215 2928 392 3013 Impatiens
418 2929 524 2993 damni
550 2930 631 2997 redii
658 2939 693 2995 et
718 2937 933 2997 tristissimus
963 2931 1087 3016 hospes

215 3024 355 3090 lusidias
381 3035 415 3092 et
440 3049 541 3092 saeva
566 3036 623 3092 tuo
648 3029 710 3092 sub
736 3035 880 3116 tegmine
903 3035 1011 3092 struxi

216 3122 374 3188 Consilia:
403 3124 459 3189 ille
482 3125 545 3190 loci
572 3125 780 3215 scelerisque
806 3125 892 3190 haud
919 3130 1063 3208 inscius,
1090 3143 1155 3189 nna

214 3220 444 3306 Praetericns‚
471 3231 505 3287 te
530 3244 664 3309 meque,
691 3223 865 3288 immobilis
892 3221 1013 3286 arbiter
1039 3243 1120 3287 urna

214 3319 394 3385 Damnavit.
446 3321 519 3385 Tibi
545 3326 765 3404 praecipitans
793 3319 936 3385 vindicta
962 3341 1124 3385 comarum

212 3416 361 3482 Abstulit
386 3439 480 3482 omne
506 3418 606 3482 denus
635 3423 798 3503 vitamque
826 3439 845 3480 a
871 3422 976 3503 stirpe
1001 3418 1136 3502 reciditq

214 3513 301 3580 auid
327 3523 498 3599 superest,
524 3520 585 3579 nisi
613 3522 650 3579 ut
675 3519 749 3579 irati
775 3520 909 3580 succisa
930 3517 1062 3601 bipenni
1130 3541 1135 3546 ·

213 3610 411 3699 Agricolae,
437 3611 569 3695 rapidos
590 3610 657 3696 jam
683 3611 869 3678 devolvaris
896 3618 926 3676 in
953 3614 1077 3700 ignes?

214 3708 244 3772 0
270 3713 401 3772 nimium
427 3708 525 3773 felix!
551 3709 699 3774 flammae
725 3715 778 3774 cni
803 3710 913 3775 nullus
940 3710 1051 3776 edacis
1128 3732 1130 3738 ’

215 3805 341 3869 Sensus
367 3810 448 3889 erit3
475 3811 525 3869 cui
554 3827 661 3890 poena
687 3809 815 3890 brevis,
841 3829 936 3894 quem
963 3809 1106 3873 torridas
1133 3815 1229 3896 ignis
1283 3837 1285 3846 <

212 3900 388 3988 Depastam
416 3903 537 3987 semel,
565 3901 604 3969 ad
626 3905 772 3971 flammas
799 3927 956 3972 revocare
983 3907 1141 3994 nequibit.

212 3997 276 4064 Ast
301 4001 376 4066 milri
402 4021 464 4066 nec
488 4001 589 4068 duros
609 4002 698 4068 letho
725 4004 819 4068 finire
845 4004 979 4070 dolores

213 4095 278 4164 Fas
301 4103 381 4184 crit3
407 4106 578 4167 aeternum
600 4107 718 4167 moriar
742 4125 937 4191 semperque
960 4109 1137 4191 superstes
