3060 4752
664 229 908 290 ciiiils'lllnos
1281 233 1419 291 madar

238 419 352 503 Valle,
379 405 594 488 cadaveribus
618 435 702 508 qnce
728 427 848 488 circum
873 417 1007 506 oppleta
1032 425 1223 499 nocentum,

237 521 406 586 Damnatis
431 525 520 586 vitae
545 519 641 586 finem
667 518 846 605 sedemque
871 516 1038 602 sepulchri
1068 571 1072 583 .
1278 595 1280 602 Α

237 617 403 684 Exanimis
429 616 576 702 praebet.
626 615 747 703 Neque
770 622 855 682 enim
881 613 1104 684 communibus
1131 611 1216 682 illos.
1290 635 1298 642 ·

237 715 355 783 Inferri
379 714 531 798 tumulis,
557 713 712 799 majorum
733 713 811 797 jura
837 712 997 777 sinebant.

335 908 379 974 At
405 928 483 975 vero
509 908 621 973 infelix
646 906 761 972 clause
782 906 850 991 jam
881 925 1039 974 marmore
1064 912 1215 986 nrater,v

238 1005 397 1073 omnihus
425 1011 566 1088 exactis,
592 1009 744 1070 comitum
771 1009 927 1091 cingente
953 1011 1105 1085 caterva,

238 1103 400 1172 Accessit·
416 1109 594 1190 gratesque
621 1107 683 1190 piis
708 1101 872 1168 Heroibus
899 1100 967 1170 alto
1030 1159 1042 1185 χ

238 1201 318 1267 Cum
344 1206 469 1291 gemitu
492 1200 644 1283 solvens,
671 1201 771 1266 charo
798 1199 889 1265 dedit
913 1199 1028 1266 oscula
1052 1217 1136 1268 saxu

238 1299 371 1365 luderis
397 1299 535 1387 genibus
560 1298 708 1383 dixitque
735 1303 913 1366 novissima
937 1299 1067 1364 verber.

335 1493 461 1560 Dnlces
487 1495 641 1561 exuviae!
668 1494 806 1560 redituri
832 1491 942 1558 dulcia
966 1498 1036 1559 nati

239 1593 398 1679 Pignora,
419 1590 489 1674 jam
515 1597 642 1657 cunctis
667 1592 841 1679 perfuncta
867 1590 1051 1656 laboribus!
1077 1597 1169 1656 artas

239 1690 357 1755 Securi
383 1679 518 1771 mortis,
541 1688 657 1756 tumuli
678 1691 849 1774 tubisque,
875 1688 1001 1756 valete!
1233 1756 1236 1769 ,

238 1788 306 1853 Vos
333 1805 397 1874 ego
423 1808 483 1852 vos
507 1786 632 1852 tumulo
658 1785 789 1853 clausos
816 1787 881 1852 beu
907 1787 987 1850 orba
1010 1785 1176 1870 relinquo,
1282 1828 1286 1838 ·

239 1884 334 1949 (loos
358 1888 579 1950 etiamrvivos
604 1889 714 1969 rapuit
740 1885 827 1951 Crux
852 1884 941 1951 dura.
993 1882 1173 1964 Voluntas„

239 1983 344 2064 Nate,
370 1989 428 2046 tna
455 1983 592 2048 orbatae
621 1982 805 2048 discessum
831 1991 1047 2068 extremoque
1065 1984 1179 2046 matris

240 2076 365 2143 Oscula
390 2086 542 2144 maturat.
592 2077 714 2146 Brevis
740 2089 792 2146 cst
817 2099 925 2161 mora,
947 2086 1047 2166 teque
1073 2077 1192 2144 videbo

239 2175 351 2262 Atque
382 2174 447 2242 alia
472 2177 603 2264 infigam
630 2179 784 2244 redivivis
808 2177 923 2243 oscula
947 2177 1113 2242 membris.
1241 2211 1244 2222 ·

239 2273 302 2338 Hei
325 2273 422 2340 mihi!
449 2295 544 2358 quam
565 2275 664 2364 longa
689 2283 741 2341 est
764 2276 876 2339 brevis
899 2277 980 2338 llaec
1005 2271 1120 2339 mora?
1147 2271 1274 2358 quando
1298 2274 1416 2340 videbo

239 2372 287 2436 Te
313 2370 468 2436 reducem
495 2379 529 2436 et
554 2371 641 2438 dulci
666 2373 846 2438 redivivum
873 2371 1218 2456 amplectaramore?

240 2468 269 2532 0
295 2470 372 2533 mibi
398 2490 480 2534 nnnc
507 2476 621 2554 raptim
647 2470 802 2556 lacrymis
827 2469 979 2553 perfuse,
1007 2467 1161 2555 querelas

239 2565 352 2629 Invida
376 2586 440 2630 nox
468 2573 678 2654 gemitusque
700 2574 781 2634 atris
807 2572 975 2654 intercipit
1000 2567 1142 2632 umbris!

240 2661 285 2727 At
311 2684 383 2727 corn
407 2661 553 2748 depositi
575 2667 720 2732 membra
745 2665 942 2733 immortalia
966 2670 1031 2732 nati
1133 2704 1138 2725 2

239 2760 428 2844 Restitues,
456 2760 571 2830 dulces
596 2786 697 2850 saepe
723 2771 895 2850 acceptura
919 2767 1062 2850 parentis

240 2856 384 2922 Securae
410 2865 552 2945 gemitus
578 2863 770 2952 dulcemque
795 2870 960 2951 gementis
986 2880 1146 2939 amorem,

240 2954 323 3020 Vive
350 2976 468 3041 precor
492 2961 635 3047 tomnle3
662 2969 796 3026 aeterna
821 2981 882 3045 per
909 2958 1156 3024 saeculalama

240 3051 447 3138 Pyramidum
474 3057 577 3120 moles
604 3078 786 3144 regumque
813 3077 956 3142 operosa
977 3054 1156 3140 sepulchro

240 3149 395 3234 Eropcra
420 3160 454 3214 et
479 3159 564 3218 vasti
590 3154 748 3219 miracula
774 3154 906 3237 despice
933 3155 1051 3218 mundi.

242 3246 270 3310 0
296 3247 495 3312 fortunatum
519 3253 648 3316 nimium
674 3251 726 3315 te!
753 3257 782 3314 si
807 3252 890 3316 bona
916 3269 1037 3335 posses

241 3341 317 3426 lpse
342 3351 399 3407 tna
425 3353 459 3410 et
483 3353 589 3412 meriti
616 3367 747 3413 causam
773 3367 976 3435 cognoscere
1003 3349 1155 3414 honoris!

241 3438 314 3503 Hoc
339 3460 404 3524 ego
431 3450 464 3506 te
490 3443 562 3507 solo
589 3465 721 3528 supero.
771 3445 821 3509 To
846 3449 962 3508 rnatris
985 3446 1160 3529 honorem,

242 3535 290 3599 Tu
319 3533 429 3602 claros
455 3549 579 3624 aequas
604 3541 729 3607 titulos.
780 3540 939 3628 0Vlrgo
964 3560 1153 3628 parensque
1259 3555 1262 3560 “

242 3632 410 3698 Numinis!
437 3655 456 3698 c
481 3635 576 3720 cnjus
604 3645 747 3726 gremio,
773 3643 845 3704 sine
870 3639 944 3703 labe
971 3640 1058 3704 beati

242 3728 437 3813 Marmoris,
464 3740 618 3800 aeternae
644 3758 735 3802 mens
761 3741 792 3800 in
820 3757 903 3802 nova
933 3735 1054 3824 gandia
1077 3740 1163 3802 vitae

242 3829 408 3894 Nascetur
433 3829 645 3920 (iniimus,
671 3839 726 3919 qni
753 3855 805 3899 me
829 3839 977 3920 pariente
1000 3840 1128 3920 recepit

242 3925 314 3993 llen
339 3926 487 3994 brevem!
514 3937 548 3994 et
575 3931 657 3997 lracc
679 3936 775 3997 etiam
804 3940 1009 3997 crescentem
1034 3939 1066 3998 in
1092 3931 1210 3997 lunera
1234 3934 1332 3999 ritem

342 4120 433 4189 llaec
454 4122 510 4190 ubi
536 4133 716 4214 conquesta
740 4137 802 4211 est,
827 4127 1033 4212 lamentaque
1058 4131 1167 4192 tristia
1193 4131 1319 4192 noctem
