3076 4744
653 243 896 298 cflursrrauos

232 432 385 516 Excutit,
411 437 446 496 et
471 430 552 496 diris
579 430 794 496 Pharisaaum
820 438 957 514 pectora
983 436 1016 494 in
1041 431 1169 498 hostem
1195 463 1200 474 ¹

231 528 388 595 Accendit
414 528 577 611 stimulis,
601 529 744 614 odioque
774 527 928 592 alimenta
954 532 1128 594 ministrat.

331 721 465 790 Interea
487 728 657 787 attonitam
682 726 838 786 monstris
868 722 1058 808 ingentibus
1083 727 1197 793 urbem

231 821 361 887 Circam
384 820 470 886 fama
495 819 585 885 volat
610 819 769 884 subrecta
793 817 986 906 loquacibus
1012 819 1094 906 alis3

231 920 462 1008 insignemque
488 923 584 982 noris
610 915 755 1003 spoliata
780 925 885 981 morte
910 917 1082 1001 trophaeis

230 1017 415 1082 Adventare
443 1019 546 1078 virum
573 1019 723 1100 spargit,
750 1036 814 1100 quo
840 1012 936 1099 pulsa
953 1013 1093 1098 jubente

230 1114 408 1179 Aethereis
429 1110 587 1195 juvenem
614 1111 665 1175 bis
688 1119 797 1175 natum
822 1110 961 1178 reddidit
985 1117 1085 1178 auris.

229 1211 320 1297 Ergo
346 1210 452 1273 omnis
478 1207 620 1295 populus
647 1208 820 1272 manifesto
844 1214 972 1276 numine
998 1216 1106 1275 tactos

229 1307 259 1370 Δ
285 1311 390 1391 portia
417 1308 450 1368 in
476 1314 570 1389 prata
595 1306 702 1370 volat:
728 1309 896 1390 murisque
921 1306 1046 1371 relictis

228 1401 380 1486 Hospitis
406 1402 578 1467 adrentum
604 1409 685 1468 miro
713 1407 894 1486 praevertit
919 1422 1042 1468 amore.

228 1499 315 1564 Ecce
341 1508 448 1566 autem
476 1499 586 1564 inflexi
611 1520 765 1565 emensus
790 1498 930 1586 fastigia
952 1506 1073 1564 montis

228 1595 411 1664 Floriferos
435 1597 631 1667 GaarsTus
651 1596 719 1681 jam
742 1596 966 1662 descendebat
990 1600 1022 1660 in
1049 1617 1174 1686 agros3

229 1697 389 1761 Continuo
417 1693 515 1760 festis
538 1694 715 1778 palmarum
741 1692 912 1759 frondibus
938 1713 1033 1758 omne

227 1792 349 1858 Versat
374 1796 452 1856 iter:
479 1797 623 1874 tunicas,
651 1799 796 1878 atquae
823 1789 1008 1856 cultissima
1032 1795 1151 1878 cuique

229 1888 443 1970 Ornamenta,
468 1889 552 1954 solo*
567 1895 716 1955 certatim
741 1898 890 1954 sternere
915 1888 1069 1977 gaudent.

228 1985 293 2070 lpsi
322 1990 418 2050 etiam
444 1992 538 2072 pueri
566 1985 695 2053 Sancta·
712 1987 867 2052 divinitus
892 1985 985 2052 Aura

229 2083 361 2167 afflati,
386 2082 507 2150 laetum
534 2090 684 2151 recinunt
707 2085 859 2171 Paeanu3
887 2085 1057 2171 Deumque

229 2181 347 2247 Securi
373 2201 564 2268 procerum,
591 2184 710 2249 divinis
737 2182 886 2249 laudibus
916 2189 1040 2248 ornant.

228 2277 358 2342 Accinit
383 2276 439 2344 bis
462 2282 623 2365 populus,
650 2281 837 2362 clarumque
863 2278 1021 2342 Hosauna
1045 2277 1241 2360 frequentat.

201 2415 203 2419 .
228 2373 386 2438 Hosanna
410 2379 532 2438 intonsi
559 2383 706 2453 montes,
733 2374 889 2436 Hosarma
913 2391 1057 2436 sonorae

227 2468 433 2557 Ingeminant
459 2468 583 2551 valles,
610 2479 644 2534 et
670 2469 844 2554 Nymphae
866 2467 1022 2537 llosarma
1046 2468 1230 2538 refundunt.

229 2565 412 2631 occlusere
436 2586 536 2630 aures
562 2566 712 2647 Scribere,
735 2565 890 2652 legisque
914 2571 1047 2650 periti,

227 2664 270 2729 Et
296 2661 420 2746 majora
444 2667 508 2726 rati
535 2685 658 2749 pueros
684 2669 877 2749 praeconia,
901 2685 997 2750 quam
1021 2684 1107 2751 quae

228 2760 365 2825 Mortali
392 2779 583 2845 quemqnam
610 2761 749 2827 deceant
775 2779 793 2825 a
817 2767 922 2846 stirpe
949 2770 1094 2828 creatum

230 2857 460 2939 Accumulare,
486 2857 646 2942 demunt,
671 2861 967 2948 indignanturque,
986 2857 1142 2944 jubentes

226 2954 271 3021 Ut
295 2961 407 3039 pueris
433 2956 568 3044 indigna
592 2957 782 3024 canentibus
808 2955 960 3022 obstruat
988 2977 1056 3022 ora.

228 3053 425 3122 CHRISTUS
448 3053 488 3119 ad
515 3057 614 3120 haec:
641 3077 680 3119 an
707 3053 845 3118 fatidici
861 3059 1038 3140 praesagia
1062 3052 1168 3140 Regis

227 3149 425 3216 Exciderunt
450 3155 595 3218 animis?
643 3151 845 3215 losantumne
869 3169 928 3213 ora
947 3149 1074 3233 jubetis

228 3244 383 3330 occludi,
410 3269 494 3334 quae
519 3250 642 3314 siderei
667 3269 782 3312 manus
807 3252 881 3331 ipsa
906 3247 1058 3314 Parentis

227 3343 261 3409 ln
287 3345 365 3408 Nati
391 3345 506 3411 laudes
530 3346 660 3433 aperit?
683 3345 741 3410 sed
768 3343 911 3409 claudite
937 3344 1086 3426 taudem,

227 3440 394 3524 Claudite,
420 3447 450 3506 si
472 3443 546 3522 tali,
572 3449 766 3508 immeritum
793 3462 844 3505 me
871 3441 990 3528 dignor
1015 3441 1157 3506 honore:

227 3537 314 3604 olim
339 3538 453 3604 eadem
480 3561 596 3626 rupes,
622 3549 657 3606 ct
682 3543 816 3606 conscia
838 3558 921 3603 saxa
943 3537 1128 3625 loquentur.
1229 3580 1238 3594 ·

325 3734 417 3800 llaec
442 3737 551 3818 satas,
577 3735 699 3823 populo
724 3741 886 3820 inceptum
913 3733 1088 3821 plaudente
1114 3737 1255 3797 resumit

226 3834 347 3898 Tristis
370 3839 450 3897 iter:
479 3833 647 3920 Patriique
671 3839 754 3919 petit
778 3853 874 3898 sacra
898 3832 1010 3895 limina
1033 3827 1158 3915 templi.

227 3929 285 3996 Sic
311 3931 365 3995 ubi
393 3930 504 3997 fallaci
529 3939 700 3998 venantum
726 3929 878 4017 indagine
904 3928 1050 3992 clausum

226 4025 356 4112 Eripuit
381 4029 522 4096 catulum
547 4035 654 4114 ruptis
679 4029 733 4092 loo
759 4029 920 4111 nexibus3
945 4031 994 4090 ira

226 4123 407 4211 Turbidus,
431 4137 468 4194 ct
491 4126 632 4194 tremula
654 4133 795 4194 mentem
819 4123 990 4190 formidine
1014 4139 1150 4208 pressus
