3060 4752
677 231 918 292 cnmsrtnnos
1297 237 1438 289 abe—asa

350 423 482 511 Optime
508 423 723 508 Thariadum,
750 429 802 490 cui
826 430 922 511 grata
945 422 1106 488 modestis
1132 429 1167 486 et
1193 419 1251 486 alti

251 526 448 590 intemerata
470 522 555 589 fides
578 527 675 588 animi
701 522 865 608 rebusque
891 520 1045 587 secundis

251 624 439 705 corrumpi,
468 621 617 687 adversis
642 619 764 686 inflecti
791 627 902 685 nescia
927 626 1050 699 virtus,

252 723 333 788 Fare
360 740 424 808 age
449 727 484 784 et
507 725 622 808 ignaro
648 737 809 800 memora,
836 739 920 804 quae
947 737 1049 782 causa
1073 713 1251 801 superbum

251 820 442 886 Pontificem
470 823 658 901 primosque
685 824 828 900 petrum,
855 835 939 902 quae
965 820 1092 880 insania
1118 816 1210 901 cogit
1252 851 1253 858 ι

249 919 393 984 Extincti
419 919 511 1002 regis
538 923 629 978 tanta
654 914 833 980 ambitione
859 914 1068 1000 sepulchrum

251 1015 383 1082 Munire
410 1022 445 1079 et
473 1011 570 1076 lectis
597 1010 719 1077 vallare
746 1013 961 1078 cohortibus?
988 1011 1073 1076 unde

251 1111 423 1181 Sollicitos
442 1118 571 1192 tremor
596 1109 650 1174 hic
675 1110 800 1198 urget?
828 1129 1065 1196 quemquamne
1090 1104 1267 1192 sepulchro

251 1207 417 1277 Credibile
443 1215 495 1272 est
523 1214 612 1273 victo
637 1207 818 1274 rediturum
845 1214 876 1272 in
904 1209 1014 1273 sidera
1040 1206 1160 1271 letho?

251 1308 433 1373 Defunctos
458 1311 607 1389 potuisse
634 1304 725 1370 illum
750 1305 812 1369 sub
841 1306 971 1374 luminis
998 1324 1095 1385 oras,

251 1407 335 1471 Dum
363 1410 465 1486 vixit,
492 1425 668 1485 reuocare,
695 1403 773 1469 mihi
801 1410 854 1469 vix
881 1403 1026 1468 Lazarus
1053 1407 1126 1488 ipse

252 1504 434 1568 Persuasit.
486 1501 553 1567 Sed
580 1507 664 1566 enim
691 1511 728 1566 ut
751 1521 829 1566 sese
850 1501 919 1587 jam
945 1517 1106 1566 marmore
1129 1504 1301 1584 quisquam

251 1602 476 1687 compositum
502 1619 663 1664 renovare
690 1608 805 1684 queat,
833 1599 1036 1665 coelestibus
1062 1602 1146 1680 ipsis

250 1698 407 1765 Testibus
433 1695 519 1762 haud
545 1696 641 1761 facile
671 1695 831 1762 accedam.
883 1699 1004 1763 Tamen
1038 1696 1119 1760 baec
1146 1715 1275 1781 quoque
1302 1693 1397 1758 vobis

252 1797 377 1863 Nescio
404 1815 489 1882 quae
515 1795 697 1860 divinorum
724 1801 903 1883 praesagia
927 1801 1036 1860 vatum

254 1896 456 1960 Promisisse
481 1893 603 1958 ferunt.
656 1892 753 1957 Quod
779 1898 807 1958 si
834 1893 874 1958 de
900 1913 1059 1958 marmore
1086 1891 1251 1956 Christum

252 1993 360 2058 Posse
389 1991 498 2057 redire
525 1998 657 2075 putent,
684 2011 742 2055 cur
763 1997 878 2057 rivum
901 1991 1038 2076 affigere
1064 1998 1181 2055 trunco

256 2089 448 2179 Aggressii'
475 2088 550 2175 quid
576 2109 659 2172 opus
686 2089 823 2176 vigilum
848 2089 980 2154 firmare
1007 2086 1217 2172 sepulchrum

252 2188 411 2254 Excubiis
439 2197 539 2273 atque
565 2193 683 2252 insano
710 2187 883 2274 indulgere
908 2185 1016 2251 labori
1028 2191 1049 2253 P·

253 2285 314 2350 llic
342 2283 593 2364 Aremathides,
619 2293 772 2371 quantum
799 2285 862 2348 sub
889 2283 985 2348 corde
1012 2284 1166 2350 sinebant

253 2382 375 2447 lntixae
403 2402 521 2463 curae,
549 2386 676 2463 arrisit,
704 2401 889 2466 pressoque
916 2380 1030 2445 dolore

253 2477 444 2544 Sermonem
471 2476 679 2564 ingrediens,
708 2477 771 2541 hoc
797 2477 911 2543 ordine
937 2478 1069 2566 singula
1095 2479 1214 2567 pandit.

352 2673 553 2740 Coelicolum
581 2674 730 2742 dominus
757 2695 932 2762 rerumque
959 2683 1096 2740 aeterna
1120 2680 1291 2762 potestas,

253 2774 296 2839 Ut
319 2764 541 2859 putrescentis
566 2781 674 2841 terrae
700 2774 741 2839 de
767 2773 905 2858 pulvere
931 2773 1046 2839 dextra

254 2871 382 2938 Artifici
409 2872 568 2938 humanos
594 2879 687 2938 artus
713 2871 968 2960 moribundaque
990 2866 1134 2936 membru

253 2972 392 3053 Extulit,
420 2974 582 3054 impressa
609 2969 803 3035 immortalis
829 2975 971 3057 imagine
998 2967 1128 3034 vultuse

254 3071 311 3136 Sic
338 3075 434 3134 etiam
461 3072 492 3130 in
518 3073 647 3132 eineres
674 3067 763 3132 letho
787 3065 937 3132 resoluta
962 3070 1085 3153 potenti

253 3169 382 3233 Rursus
408 3171 440 3230 in
466 3170 607 3230 amissae
628 3165 697 3250 jam
721 3165 898 3249 posthuma
924 3183 1059 3228 munera
1085 3169 1171 3228 vitae

254 3263 401 3328 Arbitrio
428 3281 589 3327 revocare
615 3269 736 3348 potest.
787 3260 944 3326 Rediisse
970 3259 1122 3345 sepultos

257 3359 306 3425 hd
334 3379 474 3445 superos
502 3369 638 3425 sanctae
662 3369 821 3425 memorat
846 3357 1143 3446 certissima-legis

257 3457 383 3544 Pagina
411 3462 606 3541 erimperto
633 3457 1027 3543 GnR18T13acvirtute
1054 3466 1168 3522 coacta

257 3552 342 3617 hrrte
369 3552 486 3616 oculos
511 3561 660 3640 interque
687 3575 801 3619 manus
827 3576 914 3619 mors
940 3561 1040 3641 impia
1065 3562 1198 3621 nostras

254 3649 407 3716 Reddidit
433 3657 601 3716 exanimes
630 3659 720 3718 auris
746 3651 901 3717 vitalibus
927 3662 1029 3717 artus.

259 3748 347 3816 ssuid
369 3746 455 3834 qaod
481 3749 636 3832 perfectis
662 3754 797 3814 convexi
824 3751 965 3814 motibus
996 3749 1087 3813 orbis

259 3846 370 3928 (Quos
396 3845 496 3910 Pater
519 3851 726 3930 omnipotens
753 3846 853 3912 rebus
878 3850 1004 3910 servire
1029 3845 1176 3911 creandis

258 3944 388 4026 Jnssn,
413 3948 444 4007 in
471 3963 625 4008 occasum
651 3943 775 4024 muudi,
801 3948 854 4006 cui
880 3949 1028 4027 tempora
1052 3942 1158 4026 truta)

259 4041 428 4131 Quotquot
453 4041 493 4106 ab
519 4046 675 4106 auricomi
700 4046 867 4125 primaevo
894 4041 1013 4107 lumine
1038 4039 1122 4104 solis

258 4137 325 4206 hut
347 4139 455 4206 lucem
481 4139 593 4208 videre
618 4147 677 4205 aut
701 4144 791 4228 rapti
817 4139 951 4221 obiere,
978 4143 1166 4223 priusquam
