3056 4758
128 219 261 305 teu-arn
650 215 758 270 lslBllll
782 217 853 270 xvt.

215 401 380 486 Corpora3
408 421 467 464 nec
495 400 691 489 desperatae
716 403 779 467 sulr
805 403 948 490 pandere
970 406 1114 490 praedae

213 499 312 564 Retia
335 498 510 564 dissiliunt.
559 499 635 567 Jam
661 507 786 566 cunctis
813 507 876 566 rite
902 510 1042 588 paratis,

214 596 334 661 Invitat
361 597 481 662 charus
507 598 546 662 ad
572 597 699 664 fercula
722 609 820 688 grata
844 601 976 666 sodales

214 694 304 760 Voce
325 715 488 780 manuque
509 696 621 766 Deus,
661 697 734 762 Nec
757 703 926 783 quisquam
948 720 989 764 ex
1010 707 1138 787 agmine
1157 711 1268 791 magni

214 793 387 858 Quaerere
414 799 569 858 convivae
596 815 721 858 numen.
775 795 856 860 Nam
884 801 1030 883 iugentia
1056 811 1203 871 monstra

212 889 375 976 Claraque
401 890 500 955 divini
527 898 637 976 pictas
663 897 832 977 virtusque
858 899 1007 980 magistri

213 987 377 1053 lndcciles
404 997 438 1053 et
464 988 563 1052 multa
589 988 690 1054 rudes
715 989 861 1054 dubitare
889 991 1031 1056 uetabat
1136 993 1138 1000 ‘

213 1084 289 1170 lpse
315 1085 520 1170 verecundos
546 1091 711 1169 animans,
738 1088 894 1152 fumantia
919 1085 1042 1153 'dextra'

213 1183 388 1271 Fragmina
414 1189 582 1272 porrigere
611 1192 644 1247 et
669 1184 764 1250 divisi
791 1185 934 1250 frustula
958 1193 1052 1269 panis

214 1281 295 1348 llinc
323 1289 420 1367 atque
442 1283 518 1345 hinc
543 1281 630 1346 laetu
657 1282 852 1368 dispensans
881 1287 988 1348 omnia
1015 1285 1123 1368 uultu>

213 1380 318 1444 Pariui
343 1383 464 1459 sociis,
490 1387 524 1444 et
550 1378 731 1462 majestatis
759 1381 912 1444 lrorroram

213 1476 452 1559 Dissimulare,
482 1475 614 1541 famulis
640 1483 768 1542 servire
796 1479 1007 1563 stupentibus
1034 1480 1136 1546 ardet.

213 1577 391 1658 Postquam
418 1571 525 1656 epulis
554 1575 851 1659 attemptatam,
879 1576 1089 1663 redituraque
1113 1579 1230 1644 edendi

213 1670 395 1754 Discipulis
421 1670 507 1735 dulci
535 1677 619 1735 victu
645 1692 835 1758 compressa
860 1672 978 1756 libide,

212 1767 324 1852 Majus
351 1789 434 1852 opus
460 1768 613 1849 volvens,
641 1776 745 1834 animo
772 1768 897 1854 majora
923 1771 1058 1837 daturus

214 1865 416 1952 Argumenta
443 1870 495 1929 sui
521 1886 677 1952 superum
702 1877 859 1952 regnatur
881 1875 1022 1954 amoris,

214 1963 399 2047 Alloquitur
426 1965 561 2028 Petrum
588 1963 773 2050 blandoque
799 1971 982 2052 interrogat
1008 1988 1085 2047 are,

215 2061 263 2125 An
292 2059 462 2124 Dominum
490 2067 591 2125 suciis
616 2062 691 2147 plus
719 2061 833 2148 diligat
850 2064 1011 2127 amnibus
1035 2067 1148 2128 unus?

213 2157 272 2222 llle
299 2157 379 2222 licet
408 2165 515 2244 magni
541 2159 604 2222 sibi
631 2165 782 2225 conscius
808 2169 902 2224 essct
927 2168 1068 2244 amoris,

214 2256 288 2320 Non
315 2277 416 2320 ausus
443 2266 550 2320 tamen
576 2263 630 2320 est
654 2257 791 2343 reliquis
818 2277 895 2322 sese
921 2259 1072 2323 ¹omnibus
1097 2279 1193 2322 unum

213 2353 474 2417 Praeferreant
500 2353 621 2418 tumida
645 2361 746 2418 sociis
773 2375 967 2438 cornpcncre
992 2351 1142 2444 linguae

214 2450 282 2516 Sed
308 2471 406 2514 casus
432 2473 556 2517 memor
581 2458 655 2535 ipse
681 2458 733 2517 sui
760 2464 975 2536 metuensque
1002 2461 1116 2520 ruinae
1218 2536 1228 2547 ι

215 2548 418 2632 Praecipites
446 2569 542 2614 curas
569 2555 795 2635 promissaque
822 2571 905 2614 vana
928 2559 1120 2636 sequentis,

213 2643 309 2708 Talia
334 2652 515 2732 composito
543 2646 711 2729 respondit
738 2657 870 2730 pectore
896 2648 1014 2713 verba:

214 2743 242 2805 0
269 2764 426 2826 superum
452 2743 569 2807 decus!
597 2765 615 2806 u
643 2750 743 2807 nostri
770 2743 954 2807 clarissima
979 2753 1095 2810 coetus

215 2837 342 2903 Gloria!
370 2847 424 2925 qui
452 2845 538 2904 vasti
567 2849 719 2924 penetras
746 2849 880 2904 secreta
904 2841 1078 2924 profundi,

215 2935 314 3019 Cujus
340 2943 534 3002 inaccessae
561 2937 663 3002 radiis
688 2937 853 3002 solaribus
879 2935 1030 3022 urnhrae,

215 3034 374 3118 Quaeque
400 3034 504 3098 latent
531 3040 660 3118 penitus
687 3034 810 3100 clausis
837 3034 977 3099 obducta
1003 3035 1173 3114 medullis,

215 3132 332 3194 Omnia
356 3131 549 3213 luminibus,
576 3152 637 3195 ceu
663 3131 752 3196 clara
778 3137 808 3194 in
836 3132 926 3212 luce,
954 3143 1143 3219 patescunt,

213 3228 263 3291 l'u
290 3229 383 3310 mihi,
412 3230 604 3310 CHMSTE,
630 3234 692 3294 mei
717 3233 806 3314 (quis
833 3235 918 3292 enim
945 3237 977 3293 te
1003 3229 1118 3294 fallere
1144 3237 1265 3314 possit]

214 3325 324 3388 Testis
351 3331 469 3389 amaris
496 3325 585 3389 ades.
637 3326 798 3406 Tuscis,
830 3345 913 3412 quae
939 3327 1067 3391 flamma
1093 3328 1242 3394 medullis

216 3421 293 3486 Fixa
319 3428 401 3487 rneis
427 3431 461 3486 et
486 3444 550 3508 qno
577 3422 768 3509 praecordia
791 3431 915 3486 torreat
941 3431 1046 3488 aestu.

302 3617 362 3681 Cui
385 3617 504 3684 DEU'sr
532 3621 675 3702 ingentis
696 3621 763 3680 sint
784 3617 866 3680 haec
888 3617 945 3680 tibi
967 3625 1113 3704 praemia
1132 3625 1267 3703 amorim

217 3714 320 3780 Pasce
347 3735 417 3778 men
445 3713 532 3778 lotos
560 3719 591 3776 in
619 3718 797 3800 sangnine,
824 3735 925 3799 pasce
952 3717 1113 3798 tenellos,

216 3811 329 3892 auos,
357 3813 502 3876 humeris
528 3831 628 3896 super
653 3817 724 3895 ipse
754 3817 835 3876 meis
861 3811 902 3876 de
928 3812 1076 3878 lancibus
1104 3813 1209 3876 hostis

215 3909 367 3972 Taenarii
394 3917 523 3993 reptas,
551 3917 583 3974 in
612 3909 711 3974 ovilia
738 3909 981 3992 melaredum,

217 4005 325 4070 Pasce
351 4027 442 4070 meos
469 4010 596 4086 verbis,
624 4006 801 4090 exemplis,
829 4007 960 4093 legibus
986 4025 1100 4091 agnos.
