3082 4746
11 237 16 284 i
117 235 255 288 5¹18-le
525 233 532 240 '
663 231 771 286 emeli
795 233 842 286 lii

200 417 366 503 Vocibue3
392 416 542 483 exultans
560 415 697 483 ldiebus
721 417 912 504 plaudentia
930 416 1043 505 jungit

200 516 343 604 Agmina
366 522 401 580 et
425 515 589 581 indomitis
616 514 701 580 melo
726 515 846 603 gaudia
873 513 1034 580 mentibus
1064 517 1163 585 afflat.

201 615 275 680 Nec
301 633 409 694 more,
436 613 587 700 supplicii
613 617 725 700 gravis
750 619 965 678 instrumenta
990 622 1143 698 parantur

202 713 377 778 Certatim:
405 712 528 776 enodes
556 717 659 776 trunci
687 712 834 794 duroque
861 718 1015 776 cruentus

202 808 359 876 Venatori
385 817 477 873 artus
505 808 678 894 pendentis
704 813 846 889 cortice,
874 813 992 897 raptim

201 908 235 972 ln
260 907 396 972 formem
423 911 538 971 erucis.
556 913 718 991 aptantur.
770 905 957 970 Lictoribus
983 910 1046 992 ipsi

200 1004 386 1070 Obtrudunt
410 1004 540 1069 scribae
566 1002 680 1069 elavos
708 1012 807 1088 utque
831 1015 921 1068 ariuu
947 1007 1141 1068 ministrant.

199 1101 338 1168 Scilicet
365 1102 447 1167 haec
473 1100 589 1168 avidos
614 1109 728 1167 versat
752 1099 908 1180 formido,
939 1107 1086 1178 coactum

199 1199 251 1266 Ne
277 1199 364 1266 levis
389 1201 558 1264 arbitrium
584 1204 706 1264 murteta
732 1206 840 1264 mente
866 1199 1017 1264 reflectat
1066 1235 1068 1242 ,

198 1298 232 1363 ln
260 1297 378 1364 melius
399 1296 519 1382 judex,
546 1295 698 1382 populive
725 1303 841 1362 insana
865 1295 1007 1362 furentis
1053 1361 1054 1366 ,

198 1394 357 1461 Mitescot
382 1395 509 1476 rabies,
537 1393 639 1460 veluti
665 1396 873 1460 cessantibus
896 1393 995 1458 Euris

197 1493 371 1580 Naufraga
395 1491 538 1559 caerulei
567 1497 773 1576 componitur
798 1497 847 1555 ira
872 1489 1032 1586 profundi.

296 1687 391 1753 Nunc
415 1709 493 1776 age,
520 1709 585 1774 quo
612 1709 741 1755 nemore
767 1693 929 1770 excisum,
955 1708 1020 1772 quo
1044 1692 1169 1752 semiue
1193 1692 1224 1750 in
1251 1709 1349 1755 auras

197 1784 357 1868 Eductum
384 1792 491 1852 crucis
516 1787 677 1854 arboreae
703 1785 898 1852 medicabile
927 1785 1049 1872 lignum

197 1882 368 1970 Creverit,
396 1884 565 1971 expediam
591 1904 765 1970 rerumque
791 1904 926 1963 arcena,
953 1883 1104 1970 benignis

197 1979 374 2045 Caelicolis
399 1980 582 2068 ferruginei
609 1983 649 2046 de
674 1982 823 2047 faucibus
848 1984 920 2045 aevi

196 2076 316 2157 Ereta,
342 2082 488 2140 venturis
514 2079 669 2162 pendam,
696 2097 781 2162 quae
806 2082 918 2162 copia,
944 2075 1078 2142 saeclis.

197 2171 271 2236 Nee
295 2192 367 2236 sum
395 2177 493 2238 animi
517 2173 636 2239 dubins
662 2175 774 2260 plures
801 2172 974 2256 retulisse,
1001 2173 1132 2258 fideque

195 2269 239 2333 llt
267 2273 353 2334 vitae
380 2274 497 2334 merito
524 2279 558 2335 et
584 2271 702 2337 studiis
728 2291 829 2356 super
849 2271 986 2336 aethera
1012 2278 1126 2352 notos,

196 2365 412 2453 lluadrupliei
434 2385 453 2430 e
478 2367 573 2454 sylva
597 2370 744 2434 trabibus
770 2387 829 2454 per
854 2377 966 2435 mutua
991 2374 1084 2434 nexis

194 2462 352 2529 Artifices
377 2462 561 2533 fabricasse
589 2487 738 2554 erucem3
763 2471 794 2530 si
820 2472 882 2532 rite
911 2465 1084 2545 recordor,

195 2560 236 2624 lli
262 2560 375 2625 Pinum
403 2570 438 2627 et
462 2563 590 2629 Boxum
617 2572 787 2630 numerant
813 2563 995 2650 Oleamque
1024 2563 1228 2653 Cedrumque

197 2656 257 2722 Ast
282 2657 338 2722 alii
364 2657 479 2724 Palma
502 2661 630 2726 Boxum
654 2662 835 2747 Pinumque
863 2662 1031 2746 Cupresso

195 2753 383 2820 Mutavere.
435 2756 503 2822 Piis
528 2764 656 2822 maneat
681 2763 868 2824 reverentia
894 2763 1028 2842 scriptis

196 2851 331 2938 Debita3
358 2858 423 2916 tam
449 2873 567 2941 magno
594 2873 701 2940 neque
727 2861 814 2918 enim
839 2873 889 2919 me
915 2853 1033 2940 dignor
1058 2856 1201 2938 horrore,
1259 2880 1265 2891 ·

194 2948 354 3037 Egregiis
380 2953 483 3015 enslin
511 2961 546 3016 ut
572 2952 706 3018 demens
732 2950 904 3016 intendere
928 2951 1020 3016 litem

194 3045 361 3133 lugende,
388 3067 525 3132 quorum
551 3070 677 3134 pronus
704 3054 847 3136 vestigia
876 3049 987 3113 adoro.

196 3142 290 3207 (luae
316 3155 423 3208 tumen
452 3145 537 3212 alme
562 3147 641 3212 milri
667 3167 728 3211 non
754 3153 907 3212 aversata
932 3154 1101 3210 vocantem

196 3239 362 3325 Calliope,
390 3239 554 3309 Hebraeis
579 3264 598 3307 e
623 3244 772 3308 lontibus
798 3244 934 3326 liaustu,
963 3239 1107 3308 secundo

196 3336 358 3424 Suggerlt
383 3337 704 3428 allisio-inspirans,
732 3341 854 3424 dionin3
880 3345 988 3405 omnia
1012 3339 1116 3404 dicam

196 3433 237 3498 Et
260 3441 364 3520 primo
392 3435 537 3501 breviter
563 3445 717 3525 repetens
742 3438 782 3502 ub
807 3443 934 3525 origine
962 3435 1108 3522 pandum.

293 3631 374 3694 Post
399 3631 483 3695 male
507 3631 599 3696 libati
623 3631 809 3698 discrimina
835 3638 943 3698 tristia
967 3639 1056 3717 pomi

195 3725 330 3790 Flamini
355 3733 505 3813 vomiqne
532 3734 634 3794 minas
660 3729 761 3817 gladii
787 3736 997 3815 nemorisque
1023 3727 1112 3796 beuti

194 3822 335 3888 Exilium
362 3831 507 3890 aeternis
535 3825 689 3911 lacrymis
714 3827 878 3892 maduisse
904 3849 964 3892 nec
987 3827 1073 3896 ullas

194 3918 266 3984 Heu
292 3920 393 4009 longo
421 3933 526 3988 metas
553 3924 660 3988 fertur
685 3929 842 4008 posuisse
869 3924 975 3990 dolori

194 4015 277 4081 Exul
305 4016 425 4099 Adem,
449 4021 553 4086 donee
578 4021 703 4086 stellati
731 4023 903 4088 e-loruice
929 4021 1038 4096 mnudi
1097 4026 1101 4036 “

195 4112 333 4179 Adstitit
361 4124 437 4180 ente
463 4117 578 4182 oculos
605 4117 741 4186 coelesti
766 4118 1039 4204 incontingens

1122 4199 1221 4285 ι4“
