3056 4758
121 269 254 321 ιιι-ιιι
610 253 613 264 ’
658 265 768 320 erasa
792 265 866 319 ιιι.
1320 273 1391 340 357

304 449 363 514 Cui
387 447 570 534 Cleopbas:
598 451 770 538 quid‚,ait‚
796 449 930 518 tumidis
953 473 1014 516 ceu
1036 471 1138 516 saxca
1162 471 1261 538 rupes

205 547 376 612 Fluctibus
403 548 553 612 obnitens
578 554 752 636 venusque
779 549 970 634 immobilis,
999 570 1111 613 omnes

205 644 330 708 Abnuis
356 645 478 710 affatus
503 657 555 728 et,
582 646 665 731 qnod
693 654 807 733 cupis,
834 669 940 734 usque
965 667 1089 733 negare

204 743 341 830 Pergis,
370 763 442 806 non-
459 765 593 808 numero
625 750 730 808 victus
757 767 818 809 non
847 747 990 811 testibus
1018 744 1093 808 ullis

204 839 476 927 Expugnandusi’
503 862 568 928 ego
594 841 683 906 Luca
709 849 886 908 comitante
912 843 973 908 sub
1001 848 1076 927 ipsa

204 938 310 1021 Luce,
340 937 498 1003 illibatum
524 939 636 1004 tumuli
664 962 727 1025 qua
752 961 893 1009 marmor
920 948 954 1006 et
978 941 1110 1004 umbras

203 1035 335 1120 Elysias
360 1035 531 1121 linquens,
547 1043 643 1101 rivis
669 1058 707 1101 se
732 1037 871 1102 reddidit
895 1046 1006 1121 arinis,

168 1132 308 1196 -Mnlta
334 1154 435 1218 snper
458 1133 568 1219 populi
596 1133 693 1198 furiis
721 1133 892 1218 dulcisque
918 1140 1068 1220 magistri

203 1231 383 1314 Suppliciis
409 1251 611 1314 immorans,
639 1240 733 1296 notas
760 1231 929 1296 Emauntis
958 1233 997 1296 ad
1025 1233 1126 1298 aedes

202 1327 403 1405 Tendebam,
429 1327 583 1414 lacrymis
608 1329 755 1393 madidus
781 1326 953 1415 lucemque
980 1349 1129 1415 perosus.

201 1425 288 1490 Ecce
312 1431 480 1512 peregrini
508 1425 637 1490 velatur
665 1433 807 1513 imagine
831 1426 942 1491 vultus

202 1522 359 1610 Adjungit
386 1530 534 1588 coalitam
560 1545 597 1588 se
624 1525 821 1593 CHttlsTus
849 1523 1019 1603 euntibus,
1048 1531 1081 1586 et
1107 1544 1189 1608 quae

201 1619 349 1685 Solicitis
375 1627 486 1686 unitos
512 1642 619 1687 rerum
644 1623 776 1686 fortuna
804 1622 935 1686 dolores

201 1718 383 1799 Patimini,
410 1726 501 1805 petit.
553 1717 734 1803 Obstupui,
761 1725 1000 1807 impatiensque
1024 1717 1199 1799 anulorum,

200 1815 290 1880 'lene
315 1814 398 1878 adeo
425 1836 531 1882 rernm
559 1823 707 1904 ignarum
734 1824 809 1902 quis
836 1818 966 1899 credat,
992 1815 1132 1880 utillud

199 1913 364 1978 lnfandum
390 1914 537 1997 facinus,
563 1915 654 1980 dictu
680 1916 857 2002 audituque
883 1913 1102 1997 tremcndum,

202 2010 296 2076 ssuod
317 2010 472 2096 jamjam
498 2011 651 2099 Solymus
676 2013 829 2082 infaustis
854 2013 915 2077 sub
942 2012 1111 2077 moenibus
1131 2021 1261 2094 actum,

201 2108 337 2173 Horruit
363 2119 398 2174 ct
423 2109 536 2175 refluis
561 2111 725 2176 damnavit
751 2111 907 2176 Phoebus
934 2111 1088 2192 habenis,

200 2205 247 2270 Tc
274 2206 534 2274 aolnmlateatl'
562 2209 721 2294 quodnam
748 2209 828 2274 illud
856 2214 995 2290 cumen,
1021 2213 1135 2291 amici,

200 2305 334 2380 (Omnia
360 2303 589 2388 dissimulans)
616 2313 690 2392 quis
716 2314 798 2373 tanti
826 2313 972 2377 criminis
996 2306 1131 2387 author,

201 2402 285 2467 (luis
310 2401 426 2470 raudus
451 2412 507 2468 ant
531 2427 617 2491 quac
643 2408 766 2472 causa?
793 2411 907 2491 inquit.
960 2403 1032 2469 Nos
1059 2403 1228 2489 pandimus
1254 2425 1380 2469 omnem

200 2498 378 2565 Historiam
404 2501 546 2568 sceleris
571 2525 699 2588 suaque
727 2505 775 2569 illi
802 2505 870 2569 sata
897 2512 1068 2590 gementes

199 2596 354 2661 'lexirnus
381 2608 414 2661 et
440 2599 509 2663 diro
540 2602 651 2686 populi
679 2610 871 2686 patrumque
896 2599 1008 2666 furore

199 2693 382 2760 Extinctum
408 2697 521 2760 infami
548 2696 706 2762 deflemus
730 2699 849 2762 robore
874 2697 1112 2765 caumont.-

201 2792 340 2878 ssuoque
367 2799 473 2880 magis
499 2799 653 2879 stupeas,
680 2815 742 2858 non
769 2794 827 2858 illo
853 2799 997 2857 sanctior
1022 2793 1106 2858 alten

200 2888 384 2956 Aethereas
415 2889 526 2956 bausit
549 2912 610 2956 nec
631 2891 719 2955 divis
746 2897 875 2978 gratior
900 2909 1010 2954 auras.

198 2987 232 3050 ln
259 2990 371 3053 verbis
399 2995 449 3053 vis
476 2998 597 3074 quanta
620 2989 697 3054 fuit!
724 2997 876 3075 quantum
902 2994 1004 3052 instar
1029 2994 1061 3052 in
1087 2991 1178 3072 ipso!

199 3084 268 3149 Seu
290 3085 388 3150 facile
416 3092 458 3149 in‘
474 3093 608 3152 vetitum
635 3107 756 3170 pronas
783 3086 928 3152 avellere
954 3094 1099 3166 anantes,

199 3183 266 3246 Seu
291 3183 415 3268 lapsam
443 3187 595 3250 membris
623 3183 745 3268 placuit
771 3200 931 3250 renovare
958 3182 1099 3248 salutem

199 3278 396 3367 Auxilioque
423 3281 534 3347 levare
559 3303 698 3369 aegros,
722 3289 824 3347 vitam
851 3281 971 3346 addere
995 3283 1126 3345 iunctis.

198 3376 282 3462 Spes
309 3388 395 3461 erat,
423 3380 508 3443 bunc
534 3387 656 3464 patriae
683 3387 716 3444 ct
741 3380 847 3465 lapsis
874 3397 1067 3443 succurrere
1093 3376 1195 3443 rebus

199 3476 305 3542 Posse
332 3483 424 3544 etin
452 3483 603 3563 anitiquos
630 3485 762 3565 gentem
789 3497 946 3540 revocare
973 3475 1165 3559 triumphos.

197 3573 344 3640 Abstulit
371 3575 453 3639 banc
478 3595 604 3638 omnem
631 3578 773 3638 moriens
799 3593 976 3658 securaque
1003 3571 1179 3657 sepulchro

198 3671 357 3737 Condidit.
400 3672 444 3736 At
460 3693 531 3752 nos,
551 3673 616 3736 beu
636 3673 795 3738 miseros!
821 3691 904 3756 quos
924 3691 984 3732 non
1004 3669 1118 3735 eadem
1140 3672 1252 3734 bausit

196 3771 393 3856 Tempestas
419 3776 622 3854 comitesque
648 3774 703 3856 pio
731 3768 899 3854 conjunxit
924 3769 1050 3831 amico!

194 3867 305 3949 lllnm‚
331 3867 421 3932 illum
444 3877 575 3953 raptum
601 3875 770 3933 immaturo
793 3866 922 3931 turbine
951 3865 1084 3944 tlemus,

194 3965 342 4030 Delicias
368 3965 444 4030 illas
470 3966 628 4032 humanae
655 3971 767 4053 gentis
793 3973 829 4029 et
854 3963 942 4028 orbis

194 4062 254 4127 Eoi
282 4062 478 4148 occiduique
505 4062 625 4148 decus,
653 4086 716 4148 qno
742 4068 887 4148 sospite,
915 4060 1023 4125 nullas

194 4159 364 4226 Adversas
392 4167 493 4227 sortis
521 4166 628 4244 vires,
656 4159 745 4226 nulla
769 4181 860 4226 arma
888 4161 1026 4224 minacis
