3056 4758
590 233 591 236 ’
636 234 879 290 cflsrsmoos

208 422 434 507 ornatumque
459 419 546 487 stola
572 426 646 488 nire
672 419 861 488 candidiore
884 425 1007 506 peratis

208 520 347 584 Laetitia
373 517 522 584 exultans
548 519 648 585 iaoiet
664 520 880 585 discumbere
904 522 1039 584 mensis.

207 617 279 681 Nee
305 621 389 680 satis
415 623 485 700 est,
512 616 662 683 reducem
690 617 793 683 semei
819 619 1013 701 excepisseq
1041 620 1190 680 ruentem

208 715 349 802 Saepius
375 718 406 777 in
433 733 593 800 praeceps
620 719 856 798 iterantemque
882 712 1014 778 horrida
1038 711 1128 776 dioto
1167 736 1169 750 ¹

206 813 348 877 Crimina
372 817 406 874 et
431 811 583 898 indignos
609 813 752 886 (vitreos
778 811 852 874 dum
879 814 1019 893 spiritus
1043 819 1136 875 artos

205 908 296 974 intus
322 913 408 996 agit)
436 914 641 992 repetentem
668 929 770 973 arsos
796 913 979 991 iterumque
1005 915 1190 995 gementem

204 1006 247 1071 Et
272 1007 423 1091 lacrymis
449 1009 592 1087 repetita
614 1009 680 1089 piis
704 1009 880 1070 oommissa
905 1003 1060 1070 fatentem

206 1104 405 1188 Presbytero
432 1101 640 1182 absolvente,
666 1107 799 1186 superni
821 1100 944 1184 judicis
970 1123 1054 1166 urna
1097 1157 1100 1164 ⁴
1186 1098 1188 1102 ’

95 1181 108 1203 χ
206 1201 366 1281 Vertitur,
393 1207 427 1262 et
452 1198 722 1265 marolisdirino
748 1204 911 1286 sanguine
938 1204 1058 1280 tersis,

206 1297 389 1383 interrupto
413 1301 499 1362 sacri
525 1306 724 1362 renovantur
748 1297 886 1362 foedera
910 1301 1044 1362 amoris.
1169 1345 1176 1362 ,

301 1489 368 1556 Sed
392 1496 499 1556 tamen
526 1491 664 1556 affectae
690 1511 867 1556 numeroso
892 1488 1029 1556 vulnere
1053 1495 1143 1558 vires

203 1589 456 1676 Langueseuot,
483 1596 644 1672 auctoque
669 1588 774 1654 febris
800 1587 977 1654 violentior
1001 1595 1118 1670 aestu,
1178 1621 1184 1634 =

202 1685 277 1751 Jam
304 1693 404 1751 toties
431 1690 562 1767 victrix,
588 1691 688 1750 etiam
715 1705 789 1750 eom
813 1685 978 1766 abseedit,
1000 1690 1131 1750 inertes

203 1783 386 1869 Reiiiquias
413 1790 446 1846 et
472 1789 566 1847 oerta
589 1788 641 1846 soi
668 1787 813 1869 vestigia
840 1781 958 1868 linquit
986 1809 991 1814 -

203 1879 373 1946 Mentibus
399 1885 579 1965 impressam
605 1889 704 1966 atque
730 1880 821 1962 ideo,
848 1880 975 1964 quando
1002 1880 1117 1945 ultime
1143 1878 1247 1945 luoeur

203 1980 321 2066 Pugna
346 1978 407 2043 sub
434 1987 614 2042 extremum
640 1986 714 2065 poet
739 1985 788 2042 tot
814 1982 990 2044 certamina
1015 1983 1129 2066 verat,

204 2078 247 2142 Et
271 2075 444 2164 glomerati
471 2075 589 2141 hostes
616 2075 904 2140 colietisviribus
931 2083 1051 2161 urgent

204 2176 436 2240 Discessuram
463 2179 619 2255 animam,
645 2194 730 2238 nova
755 2172 1001 2260 propugnaculo
1026 2171 1129 2236 fessis

205 2272 367 2336 Militibus
393 2271 507 2336 dextre
532 2272 727 2340 CHRISTUS
755 2276 929 2337 miserante
957 2273 1130 2337 ministrat.

205 2370 357 2453 Namque
385 2367 586 2432 Sacerdotes
611 2370 763 2445 ederunt,
791 2373 845 2452 qui
871 2367 1027 2454 languida
1051 2367 1193 2434 membra

204 2465 308 2529 Sacro
336 2462 528 2549 perfundant
552 2461 627 2528 oleo
652 2485 691 2526 ao
718 2483 861 2547 operosa
885 2465 1051 2529 iaveotern

203 2560 405 2626 Coelicolum
431 2568 558 2626 interea
583 2568 743 2628 rectorem
770 2566 802 2624 in
829 2567 906 2626 vote
930 2568 1106 2644 vorantes,
1166 2595 1168 2600 ·
1196 2595 1208 2628 ι

203 2659 375 2722 Extremas
402 2663 514 2746 aegris
542 2656 647 2722 vaiido
673 2657 885 2724 medieamioe
910 2663 1006 2724 vires

203 2755 393 2836 Sufficiant,
420 2757 538 2842 quibus
564 2763 598 2820 et
624 2764 769 2823 veterum
796 2762 848 2822 vis
875 2773 977 2822 caera
1002 2753 1159 2822 maiorem

202 2853 453 2939 Reiiiquiaeqoe
479 2873 591 2918 onnes
617 2847 797 2938 depuisae,
823 2854 969 2920 funditas
996 2857 1073 2916 imis

205 2953 384 3040 Aufugiaot
410 2957 536 3016 animae
559 2951 715 3032 latebris,
740 2952 916 3036 morboque
944 2951 1080 3038 fugato,

202 3050 386 3135 Desperata
410 3049 502 3113 eolus
527 3047 661 3130 redeat,
686 3049 740 3114 vei
765 3069 861 3116 earne
887 3047 1018 3114 solutos

155 3189 158 3194 -
201 3147 329 3211 Funere
356 3146 465 3230 felici,
492 3145 600 3211 mundi
626 3147 780 3231 Ditisque
809 3151 928 3230 eurique
976 3173 981 3178 ·

184 3242 334 3326 Victor,
360 3243 507 3309 sidereas
533 3248 660 3308 enimus
686 3243 884 3308 eonseendat
908 3248 939 3306 in
965 3259 1085 3312 erues..

300 3435 345 3499 At
370 3457 448 3502 vero
475 3443 588 3504 immiti
611 3437 741 3523 quando
765 3437 939 3502 durissima
964 3435 1060 3502 teio¹

202 3531 294 3596 Mors
321 3532 486 3620 hominum
510 3552 616 3620 genos
641 3539 795 3602 interimit
820 3534 967 3620 nuliique
992 3553 1176 3619 supremam

203 3631 405 3698 Concessum
430 3638 483 3693 est
507 3630 656 3714 proferre
681 3634 812 3714 horam,
838 3652 878 3696 ne
904 3631 1051 3698 funditus
1075 3637 1149 3717 ipsa

204 3728 287 3792 Ante
314 3723 396 3791 diem
423 3735 540 3809 pereat
565 3735 669 3812 raptis
694 3729 847 3794 Eeeiesia
869 3735 974 3811 natis,

204 3826 302 3890 Casta
327 3822 487 3889 maritatis
513 3823 646 3890 thalami
672 3825 821 3891 solennia
847 3825 985 3892 fundunt

203 3922 469 3988 continuatorem
495 3922 657 4008 fugientia
681 3923 817 3989 sueeuia
841 3921 974 4004 prolem.

202 4019 285 4084 Nam
312 4025 553 4104 eonspiraotum
578 4019 659 4084 bueo
684 4023 717 4084 in
738 4018 876 4086 foedera
901 4025 1032 4100 mutuus
1058 4017 1156 4086 ardor

202 4116 244 4180 Et
265 4114 377 4200 juncta
402 4122 545 4186 unanimi
568 4136 732 4184 oonseom
760 4116 899 4184 dextera
922 4116 1057 4190 dextrae
