3082 4746
124 207 258 260 ἊΗΜ
664 199 774 254 hinnit
796 201 832 252 Χ,

208 391 354 473 Impetus
382 385 580 469 amntem,
605 385 652 450 nil
677 385 770 452 laeso
796 383 916 452 callida
939 391 1025 470 pant

209 488 393 574 Opposuit,
418 489 481 550 nisi
507 484 689 569 pendentes
715 489 787 551 sine
813 482 888 571 lege
914 480 1073 566 capillos,

208 585 386 670 Supremis
404 583 532 649 similes
558 588 703 670 gemitus
728 586 924 667 potioraque
948 579 1057 646 verbis

206 682 355 748 Flumina
379 689 421 746 et.
438 686 604 748 incensum
628 685 727 746 citius
751 680 878 744 flexura
900 680 1089 744 Tonantem.
1137 684 1140 692 '

65 791 68 798 '
207 780 389 865 Postquam
416 778 537 864 aliquid
562 776 716 861 lacrymis
740 797 817 842 sese
843 781 987 840 evicisse
1011 774 1157 862 profusis

208 877 321 942 Sensit
343 884 377 940 et
401 875 543 946 afflictae
569 879 713 962 gemitus
739 883 773 940 et
799 873 921 938 luuntur
946 879 1076 954 matris,

206 973 240 1038 ln
269 972 395 1039 coelum
423 993 606 1058 suspensa,
632 979 705 1038 suis
730 969 889 1037 accedere
914 976 1002 1036 votis

205 1073 483 1157 cunctantemque
509 1078 653 1158 patrem,
680 1069 808 1154 placido
826 1075 884 1134 sic
911 1076 1046 1154 pectora
1071 1073 1198 1154 coepit:
1233 1107 1236 1112 ι

303 1267 341 1332 Si
366 1271 497 1333 nimium
520 1266 658 1331 audacis
684 1271 802 1352 generi
827 1283 1022 1332 succurrere
1051 1261 1167 1328 Adami

205 1365 311 1430 Meus'
329 1364 442 1429 eadem
467 1363 546 1446 tibi,
573 1371 688 1429 sancte
711 1373 828 1448 pater,
855 1383 939 1448 quae
964 1381 1096 1448 semper
1120 1367 1156 1426 et·
1179 1371 1255 1426 ante

203 1462 326 1530 Fatalis
352 1467 438 1550 pomi
465 1468 595 1527 crimen,
612 1460 787 1552 mundique
813 1465 956 1543 ruinam,

202 1560 292 1626 ssuid
318 1565 403 1626 saris
430 1559 605 1626 vindictam
631 1564 720 1624 acuit
744 1578 900 1646 germana
926 1556 1089 1642 querelis,

205 1659 285 1724 Cum
306 1656 374 1742 jam
399 1662 550 1746 virgineo
576 1657 737 1723 lustratur
763 1661 925 1744 sanguine
951 1654 1080 1720 tellus?

117 1806 119 1812 s
204 1757 315 1822 Triste
338 1755 466 1841 quidem
489 1754 668 1841 durumque
690 1754 786 1820 naias
806 1760 958 1840 nonnique
980 1750 1163 1834 (latendum
1187 1757 1254 1830 est)

205 1853 374 1938 Supplicio
402 1857 537 1940 gravius
563 1859 671 1934 caeci,
697 1856 884 1940 ingratique
904 1851 1091 1935 rependunt

204 1952 268 2018 Tot
294 1951 418 2017 cbristi
442 1955 588 2036 meritls3
611 1951 673 2016 sed
698 1955 784 2014 enim
810 1947 1045 2032 insuperabilis
1069 1952 1156 2012 omni

203 2049 248 2116 Et
267 2047 432 2114 scelerum
457 2067 593 2113 numero
617 2056 653 2114 et
672 2049 834 2114 furiarum·
853 2045 1012 2130 pouders‚
1040 2049 1106 2109 nati

204 2148 344 2212 Pectore
369 2151 488 2232 regnat
513 2164 614 2210 amor.
651 2144 701 2209 ¹Si
727 2143 834 2209 mundi
862 2149 1007 2208 crimina·
1024 2143 1168 2208 dextram

204 2244 361 2310 Ultrioem
388 2251 590 2328 exposcant,
615 2248 683 2308 nati
709 2261 807 2306 eruor
832 2241 1123 2326 obstataursrque
1289 2235 1295 2242 '

203 2341 404 2409 Criminibus
429 2338 550 2424 major3
575 2337 704 2406 scelera
729 2339 848 2404 obruet
873 2337 931 2402 ille
956 2357 1084 2424 suoque

204 2439 360 2506 Fulminis
386 2443 559 2525 extinguet
584 2437 732 2504 flammas
757 2457 848 2502 amor
873 2436 990 2502 obvius
1016 2441 1102 2523 igne.

204 2537 291 2604 auid
317 2547 425 2602 tames
452 2536 608 2602 obnitori’
631 2542 766 2621 superat
791 2540 820 2598 si
841 2533 934 2619 justa
957 2539 1086 2598 sororis

203 2636 274 2716 lra,
301 2635 378 2722 qnid
404 2633 517 2699 iuriami
534 2635 684 2700 suffixus
708 2639 740 2698 in
766 2633 884 2698 arbore
910 2631 1031 2718 pendet

203 2731 448 2816 Omnipotens?
471 2751 558 2815 qnae
584 2750 685 2798 eausa
710 2735 833 2796 uenis?
860 2729 1038 2796 descendat
1060 2727 1101 2797 ab
1126 2725 1184 2792 lllo

202 2830 278 2915 lpse
303 2835 356 2896 sui
383 2827 500 2893 vindex
526 2836 643 2892 trunco
669 2826 833 2912 dilataque
859 2827 985 2893 trustra

204 2927 344 3014 Sceptra
366 2925 432 3016 poli
458 2932 601 3010 repetat,
628 2931 658 2990 si
682 2945 736 2990 res
768 2945 854 2990 nuno
877 2922 1012 2991 fulmine
1038 2920 1164 3009 agenda
1190 2929 1251 2986 cst.

301 3121 464 3188 Audierat
490 3129 647 3189 moestam
670 3127 801 3210 genitor
826 3123 1026 3208 propiorque
1052 3123 1182 3207 rrcgsmi

204 3218 322 3286 Vultus
349 3229 430 3285 erat.
479 3221 590 3294 Durae
617 3219 727 3286 scelus
755 3217 963 3286 intolerabile
988 3223 1100 3305 gentis

205 3317 359 3406 Augebat
381 3323 447 3383 nati
473 3337 632 3402 praesens
659 3322 826 3383 morientis
852 3323 961 3404 imago

204 3415 438 3500 Subdebatque
463 3415 574 3498 iaces,
600 3421 772 3501 patrioque
797 3414 952 3480 alimenta
976 3412 1102 3478 furori.'
1193 3463 1196 3470 ,

203 3512 318 3579 Sensit
343 3513 427 3579 Dius
452 3533 543 3578 amor
568 3512 680 3579 librari
704 3512 840 3579 fulmins
867 3521 902 3576 et
928 3517 1046 3599 ingens

202 3609 344 3676 Exitium
369 3616 467 3676 terris
494 3631 713 3697 supremaque
738 3609 808 3675 tela
833 3613 958 3695 parati:
1014 3651 1018 3660 ,

202 3705 364 3773 Continuo
392 3709 517 3794 rapidis
543 3707 700 3792 delapsus
726 3707 765 3772 ab
791 3706 926 3773 aethere
953 3711 1085 3792 pennis,

202 3804 355 3872 Quantus
381 3816 469 3890 erat,
495 3815 601 3872 totum
627 3810 789 3894 exanguis
815 3824 854 3870 se
879 3811 1013 3889 pectore
1040 3805 1205 3873 Canisrt

201 3903 351 3970 Condidit
377 3913 476 3990 atque
505 3909 592 3970 narni
617 3909 727 3990 rapuit
752 3902 944 3988 praecordia
968 3901 1106 3968 famma.

202 3999 261 4065 llle
287 4009 396 4065 antem
421 4007 578 4068 immenso
604 3999 803 4087 liquefactus
827 4001 869 4066 ab
894 4001 1029 4085 bospite
1054 4006 1090 4062 et
1115 3999 1191 4082 igne

109 4107 111 4112 '
201 4095 378 4163 Immortali
404 4098 541 4165 ardetis:
568 4121 587 4163 o
613 4119 712 4185 parce
737 4099 940 4182 iurantibus,
966 4101 1087 4181 inquit,
1120 4193 1164 4258 15
