3082 4748
172 223 241 290 124

680 209 924 268 cnatsntaeos

254 400 435 487 Splendor,
462 407 498 465 ut
522 421 659 466 arcanas
684 405 766 464 mira
792 397 964 465 dulcedine
990 398 1091 464 fibras

251 499 406 587 Impleat,
434 506 469 562 et
495 504 598 565 castis
624 502 730 584 rapiat
756 496 947 583 praecordia
971 498 1118 562 flammis.

187 591 189 600 ’
249 596 295 663 At
320 617 398 662 vero
424 595 543 661 obtuso
572 595 749 676 Phoeben,
775 616 855 660 cava
881 594 993 659 nubila
1018 616 1119 659 cornu

250 694 461 778 sulcantem,
488 694 618 759 innubis
644 702 798 778 quantum
825 691 880 756 lux
906 713 1007 757 aurea
1032 692 1158 758 Phoebi

249 791 435 877 Exuperat,
462 798 587 856 tantum
614 795 699 855 sacri
726 789 826 855 decus
853 795 923 854 oris
949 811 1118 855 amoenum

248 889 390 955 Divinae
415 894 534 972 premit
559 886 752 952 immortalis
779 887 888 974 gloria
912 887 1056 972 formae,

250 987 357 1052 (luam
384 986 488 1050 tribus
514 984 690 1072 explicuit,
716 1006 832 1050 numen
860 986 1052 1068 confessus,
1078 991 1212 1067 amicis,

250 1083 325 1149 (lua
351 1083 402 1148 fas
426 1083 594 1148 'sidereum
619 1082 745 1148 mortali
773 1103 908 1149 cernere
934 1082 1055 1148 lumen.

345 1275 492 1341 lsaclrari
517 1296 649 1362 campos
674 1283 762 1343 inter
789 1276 1015 1360 foecundaque
1040 1295 1118 1343 rura

246 1372 481 1460 Nepthalidum
506 1381 637 1440 immani
662 1382 826 1461 procurrit
850 1380 881 1438 in
909 1374 1048 1438 aethera
1072 1374 1171 1438 dorso

246 1469 347 1537 Mons
373 1472 506 1539 Thabor
531 1479 567 1537 et
591 1471 912 1558 summo'subjeotas
939 1470 1079 1537 culmine
1105 1468 1211 1534 nubes

246 1567 416 1656 Despicit3
444 1589 584 1635 ascensu
611 1570 722 1636 facilis
748 1592 813 1656 qua
839 1575 949 1658 vergit
973 1574 1005 1632 in
1035 1567 1213 1650 Austrum,

248 1667 324 1732 (lua
347 1689 428 1733 vero
455 1673 628 1755 oppositus
655 1666 820 1754 Scythicis
846 1666 1085 1753 Aquilonibus,
1111 1661 1189 1730 altis

245 1764 396 1849 Rupibus
422 1765 638 1852 abruptisque
663 1770 695 1828 in
720 1779 882 1853 praeceps
909 1765 1060 1829 cantibus
1087 1763 1211 1827 horret.

246 1861 408 1928 Planities
434 1883 560 1927 summo
587 1868 752 1928 nemorosi
778 1867 810 1927 in
837 1867 960 1927 vertice
987 1865 1108 1928 montis

245 1960 368 2048 lugens
394 1965 426 2024 in
451 1965 592 2044 spatium
619 1959 756 2042 diffusa,
782 1961 941 2046 urbisque
968 1979 1120 2045 capacem

245 2056 433 2141 Ambitum,
460 2059 621 2123 inoffenso
649 2057 780 2122 deducit
805 2056 925 2124 lumina
947 2065 1060 2123 tractu
1138 2087 1142 2095 ¹

244 2153 280 2221 ln
306 2175 441 2240 canopos
467 2154 614 2222 Galilaea
639 2163 734 2242 tuosq
761 2176 846 2241 quos
874 2162 1002 2222 vitreus
1029 2161 1114 2218 inter

244 2251 383 2316 Labitur
407 2259 442 2316 et
468 2253 584 2317 mediis
613 2255 730 2318 cisson
754 2254 957 2318 discriminat
982 2253 1089 2316 undis.
1115 2289 1118 2298 ·

244 2346 318 2412 lino
343 2347 518 2413 Zebedaeo
545 2350 666 2414 fratres
693 2357 842 2437 genitore
866 2357 999 2414 creatos

243 2442 486 2530 Ardentemque
513 2450 609 2510 anirni
634 2448 796 2530 Petrum,
812 2449 1007 2512 charissima
1033 2455 1151 2516 coetus

243 2541 374 2606 Bisseni
393 2547 523 2626 capita,
551 2551 585 2606 et
609 2543 769 2610 fidissima
794 2552 931 2630 pectora
956 2544 1071 2612 desus
1166 2553 1169 2560 '

243 2637 409 2724 Duxerat,
437 2645 563 2706 aeterni
592 2641 679 2706 clara
704 2651 898 2730 argumenta
924 2642 1061 2707 daturus
1171 2631 1172 2634 ¹

242 2734 415 2819 Numinis,
442 2737 603 2803 hnmanae
631 2740 734 2806 clausi
761 2741 824 2806 sub
848 2745 991 2828 imagine
1012 2739 1149 2804 formae.

242 2831 407 2917 Discipuli
433 2835 521 2900 dorsi
548 2843 711 2903 sinuantia
738 2843 769 2902 in
798 2837 900 2902 ardua
925 2838 1026 2923 longo

243 2930 390 2996 circuitu
415 2932 499 2998 fessi
526 2937 710 3020 inclusique
736 2935 919 2998 virentibus
944 2933 1070 2997 umbris

241 3027 414 3116 Languida
440 3037 608 3118 gramineo
636 3031 795 3096 reclinant
820 3029 955 3112 cespide
980 3029 1142 3111 membra,

240 3124 283 3189 Et
308 3125 436 3213 placido
460 3137 588 3193 certent
613 3135 702 3193 vires
728 3145 888 3190 renovare
913 3147 1046 3210 sopore.

240 3221 316 3307 lpse
342 3233 449 3289 autem
475 3225 516 3288 ad
538 3229 677 3308 patrium
705 3221 824 3287 tollens
849 3222 996 3288 ardentia
1021 3220 1149 3288 coelum

239 3317 393 3402 Lumina,
417 3321 518 3385 divini
547 3341 662 3385 nornen
690 3320 856 3385 Genitoris
883 3322 1015 3404 adorat,

240 3413 335 3480 Talia
359 3417 522 3481 flammato
548 3418 690 3483 fundens
717 3439 735 3483 e
760 3427 896 3502 pectore
921 3428 1014 3485 vota:

336 3607 552 3695 Omnipotens
578 3619 726 3701 genitor,
754 3613 848 3698 cnjus
873 3613 1024 3679 mandata
1050 3631 1230 3700 capessens

237 3707 378 3772 Humani
405 3708 551 3796 effigiem
574 3711 686 3776 vultus
711 3713 965 3797 moribundaque
992 3711 1137 3776 membra
1245 3761 1246 3764 ,

235 3805 330 3871 lndui
356 3812 390 3870 et
414 3811 534 3870 intacta
558 3812 694 3873 vitream
722 3809 761 3874 de
787 3815 914 3897 virgine
940 3813 1058 3892 vitam,

237 3904 362 3968 Tristia
386 3924 450 3990 quo
477 3911 599 3988 primae
628 3905 751 3972 solvam
780 3912 933 3992 contagia
958 3905 1090 3991 culpae,

236 3997 377 4083 Aspice,
404 4023 487 4088 quos
512 4023 638 4068 mecum
665 4009 751 4069 sacri
776 4009 807 4067 in
833 4002 968 4091 fastigia
993 4008 1114 4070 montis
1192 4031 1195 4034 ·

238 4094 393 4164 Selectos
416 4106 502 4166 omni
526 4105 693 4167 sociorum
716 4121 735 4164 c
761 4099 871 4166 classe
895 4105 1011 4189 odegi,
