3082 4748
657 197 899 256 cuusumnos

231 387 383 472 Arridet‚
411 384 523 451 radios
548 383 786 470 pulcherrimus
811 383 960 470 explicet.
978 401 1093 448 omnes
1139 430 1142 439 .
1239 437 1242 444 .

232 485 401 572 Cynthius.
450 481 557 555 Unum
583 504 699 549 omnes
723 482 837 548 effudit
860 480 1013 566 prodigia
1038 479 1133 548 dotes

231 583 266 649 ln
292 603 428 670 puerum
455 589 590 664 nature,
616 584 672 645 oni
695 587 805 645 iemen
831 583 939 642 omnia
964 599 1029 642 non
1054 579 1132 643 dant

231 681 328 746 Dono
352 701 448 746 suum
474 678 638 744 cumulate
663 677 776 740 decus.
825 673 870 740 Se
897 675 1025 759 perlicit
1044 681 1142 761 ipse,

232 779 306 844 (lua
332 787 451 843 natura
476 781 608 863 nequit,
638 777 846 861 propriisque
872 771 1038 838 coloribus
1064 782 1167 838 01101.

328 970 507 1035 lesensium
531 972 661 1034 interea
685 967 841 1032 Nemesis
864 965 1154 1050 dilatatyrannmn

231 1072 372 1137 Saeuus
401 1065 611 1148 incumbens,
635 1065 769 1130 funesto
793 1065 868 1130 tabe
894 1069 1047 1149 peremit.

230 1168 320 1252 Ergo
346 1169 464 1228 iterum
490 1168 522 1228 in
545 1169 683 1248 petriam
709 1162 845 1228 reditum
872 1170 1082 1247 (quamquam
1108 1168 1217 1230 omnia
1241 1165 1383 1232 nonium

230 1265 315 1328 Tuta
342 1266 445 1344 satis,
472 1260 546 1325 dum
572 1268 704 1345 sceptro
728 1265 832 1345 petris
855 1281 917 1325 uon
944 1259 1089 1346 degener
1115 1259 1235 1327 haeres

231 1357 421 1440 Gestaret,]
448 1359 524 1422 dive
545 1359 712 1424 accelerat
736 1380 808 1424 cum
834 1355 972 1444 conjuge
999 1356 1126 1441 conjux.

228 1456 376 1523 Judaeee
401 1463 507 1520 tamen
537 1456 624 1521 baud
655 1459 727 1520 cusi
753 1475 792 1521 10
819 1454 975 1536 eredere,
1001 1459 1035 1518 in
1061 1455 1174 1520 urbem

228 1554 416 1619 Defleotunt
441 1553 665 1638 Nazarenam3
690 1553 875 1638 chorosque
899 1560 1038 1636 penates
1153 1581 1154 1590 ¹
1222 1571 1224 1578 ’

228 1651 392 1738 ingressi,
417 1649 506 1715 laeto
531 1671 693 1716 memores
720 1651 854 1715 horrore
880 1648 1053 1715 revolvunt

228 1747 326 1812 Exilii
353 1767 470 1831 casus,
496 1767 606 1815 rerum
632 1747 838 1830 discrimine,
865 1751 956 1812 saevi

228 1843 368 1909 Herodis
394 1845 518 1910 rabiem
541 1852 575 1909 et
601 1850 693 1929 parvi
719 1843 872 1910 miraculo
896 1847 974 1908 neti.

230 1939 270 2006 Ut
295 1941 397 2006 Matri
423 1961 563 2028 quercus
589 1943 898 2030 lugientieesserlt
921 1939 1025 2022 ultro,

228 2036 388 2105 scindens
403 2059 456 2104 -se
481 2040 638 2122 mediam,
664 2047 701 2104 et
724 2045 902 2128 gremium,
930 2038 1022 2104 velut
1047 2039 1196 2126 bospite,
1222 2040 1366 2124 pandens

227 2134 271 2200 Ut
296 2142 402 2202 virtus
430 2136 551 2203 morbis
577 2143 711 2203 inimica
735 2143 917 2203 secesserit
942 2135 1027 2217 illis,

228 2233 334 2298 (lueis
361 2241 458 2318 pueri
483 2243 600 2299 vestes
621 2240 766 2320 genitrix
790 2239 967 2298 intinxerat
992 2231 1098 2296 undis.

228 2328 337 2411 thue
363 2329 549 2392 inclinantis
574 2330 732 2392 frondosa
757 2335 928 2393 cacumine
950 2326 1065 2412 sylvae

231 2422 411 2486 Adventum
438 2429 558 2487 1001010
582 2424 664 2505 Del,
690 2428 854 2487 venientis
880 2425 995 2489 honori
1035 2463 1039 2472 -

229 2518 393 2582 Difficiles
418 2518 507 2582 flecti
533 2539 642 2584 remos
668 2526 702 2584 01
726 2520 862 2585 11001110
886 2526 1011 2586 truncis
1118 2561 1123 2584 2
1184 2553 1187 2564 ·

229 2615 368 2680 Aemula
393 2620 569 2682 currerint,
619 2615 664 2681 Ut
689 2615 783 2683 coelo
811 2624 933 2684 missus
958 2620 1001 2683 ab
1026 2619 1094 2684 alto
1201 2675 1205 2682 .
1277 2643 1280 2650 ¹

228 2713 449 2800 Permigerum
475 2715 614 2797 chorus,
638 2713 799 2780 humanae
825 2717 888 2781 sub
915 2722 1058 2805 imagine
1083 2718 1233 2790 formae

229 2808 412 2895 Omnisque
438 2811 553 2876 inlecti
580 2812 726 2894 similes,
752 2812 919 2882 colludere
943 2821 1017 2880 visi.
1053 2867 1057 2874 ,
1163 2857 1165 2864 -

323 3004 465 3093 Jamque
490 3009 753 3093 propinquabunt
777 3006 931 3071 Poscalia
955 3006 1060 3087 feste,
1086 3014 1256 3090 parentum
1283 3062 1286 3068 .

226 3101 417 3190 Relligione
444 3110 1101 3188 0101010001οο001101000101000,
1140 3129 1144 3136 ’
1224 3153 1227 3162 ,

226 3200 317 3265 Ηο00
344 3199 675 3266 00101101011000100
702 3221 772 3264 eum
799 3205 926 3286 virgine
950 3209 1092 3282 sponsus
1140 3274 1144 3284 Ι
1206 3255 1208 3262 .
1269 3253 1273 3262 ,

223 3297 416 3362 Deseruere
441 3296 588 3378 domum,
616 3303 822 3384 gressusque
851 3296 894 3359 ed
916 3301 1011 3382 regie
1036 3295 1185 3360 tendunt

226 3390 369 3456 Moenia.
420 3392 466 3457 Se
492 3393 625 3456 dextros
651 3393 810 3476 implicuit
836 3398 1008 3479 genitricis
1027 3393 1167 3476 lesus,
1214 3450 1218 3458 .

226 3489 284 3551 Bis
310 3508 409 3552 senos
436 3509 610 3554 numerans
635 3495 724 3556 vitoe
747 3489 947 3554 admirabilis
974 3510 1095 3572 anuos,

226 3585 466 3668 Jessoeamque
494 3605 604 3650 comes
630 3609 694 3653 non
719 3591 834 3672 aequis
861 3587 1014 3673 passibus
1040 3586 1154 3653 urbem
1249 3635 1261 3666 =.

226 3679 399 3760 Ascendit,
427 3699 545 3767 magno
570 3682 718 3749 facturus
744 3694 819 3751 vota
845 3689 980 3770 parenti

226 3777 345 3844 Verum
372 3778 426 3842 ubi
452 3780 600 3862 perfecto
627 3789 784 3846 votorum·
805 3783 916 3848 Mater
942 3783 1067 3848 honore

225 3875 371 3942 Meturet
395 3874 533 3941 reditum
558 3875 646 3944 laeto
673 3900 745 3942 cum
770 3879 929 3968 conjuge,
956 3879 1150 3947 CHRISTUS

225 3971 383 4060 Dilapsus
403 3974 516 4040 furtim
542 3981 676 4042 comites
703 3981 873 4063 ipsamque
896 3976 1027 4042 fefellit.

224 4068 298 4134 1100
324 4072 444 4156 quibus
470 4077 625 4140 emissum
648 4072 820 4158 lacrymis,
846 4097 909 4160 quo
935 4079 1065 4144 moeste
1090 4069 1204 4138 dolore
