<?xml version="1.0" encoding="UTF-8"?>
<!DOCTYPE html PUBLIC "-//W3C//DTD XHTML 1.0 Transitional//EN"
    "http://www.w3.org/TR/xhtml1/DTD/xhtml1-transitional.dtd">
<html xmlns="http://www.w3.org/1999/xhtml" xml:lang="en" lang="en">
 <head>
  <title>
</title>
<meta http-equiv="Content-Type" content="text/html;charset=utf-8" />
  <meta name='ocr-system' content='tesseract 3.04.00' />
  <meta name='ocr-capabilities' content='ocr_page ocr_carea ocr_par ocr_line ocrx_word'/>
</head>
<body>
  <div class='ocr_page' id='page_1' title='image "./christiadoslibr00waltgoog_0188.png"; bbox 0 0 3082 4746; ppageno 0'>
   <div class='ocr_carea' id='block_1_1' title="bbox 129 227 850 292">
    <p class='ocr_par' dir='ltr' id='par_1_1' title="bbox 129 227 850 292">
     <span class='ocr_line' id='line_1_1' title="bbox 129 227 850 292; baseline -0.001 -13"><span class='ocrx_word' id='word_1_1' title='bbox 129 235 264 292; x_wconf 53' lang='lat' dir='ltr'><strong>fisa-m</strong></span> <span class='ocrx_word' id='word_1_2' title='bbox 660 227 770 281; x_wconf 76' lang='lat' dir='ltr'><strong>amaa</strong></span> <span class='ocrx_word' id='word_1_3' title='bbox 792 227 850 280; x_wconf 87' lang='lat' dir='ltr'><strong>vll.</strong></span> 
     </span>
    </p>
   </div>
   <div class='ocr_carea' id='block_1_2' title="bbox 216 411 1306 2062">
    <p class='ocr_par' dir='ltr' id='par_1_2' title="bbox 222 411 1085 506">
     <span class='ocr_line' id='line_1_2' title="bbox 222 411 1085 506; baseline -0.013 -21"><span class='ocrx_word' id='word_1_4' title='bbox 222 421 418 506; x_wconf 77' lang='lat' dir='ltr'><strong>Designare.</strong></span> <span class='ocrx_word' id='word_1_5' title='bbox 469 413 549 478; x_wconf 83' lang='lat' dir='ltr'><strong>Levi</strong></span> <span class='ocrx_word' id='word_1_6' title='bbox 575 418 606 478; x_wconf 91' lang='lat' dir='ltr'><strong>in</strong></span> <span class='ocrx_word' id='word_1_7' title='bbox 634 421 754 478; x_wconf 88' lang='lat' dir='ltr'><strong>terram</strong></span> <span class='ocrx_word' id='word_1_8' title='bbox 779 411 935 478; x_wconf 86' lang='lat' dir='ltr'><strong>delabere</strong></span> <span class='ocrx_word' id='word_1_9' title='bbox 962 432 1085 498; x_wconf 86' lang='lat' dir='ltr'><strong>penna,</strong></span> 
     </span>
    </p>

    <p class='ocr_par' dir='ltr' id='par_1_3' title="bbox 216 509 1306 1186">
     <span class='ocr_line' id='line_1_3' title="bbox 220 509 1045 596; baseline -0.012 -13"><span class='ocrx_word' id='word_1_10' title='bbox 220 518 263 583; x_wconf 89' lang='lat' dir='ltr'><strong>Et</strong></span> <span class='ocrx_word' id='word_1_11' title='bbox 288 512 382 582; x_wconf 88' lang='lat' dir='ltr'><strong>eaelo</strong></span> <span class='ocrx_word' id='word_1_12' title='bbox 409 517 547 578; x_wconf 86' lang='lat' dir='ltr'><strong>invisam</strong></span> <span class='ocrx_word' id='word_1_13' title='bbox 572 510 728 576; x_wconf 74' lang='lat' dir='ltr'><strong>scelerati</strong></span> <span class='ocrx_word' id='word_1_14' title='bbox 755 515 913 596; x_wconf 84' lang='lat' dir='ltr'><strong>principia</strong></span> <span class='ocrx_word' id='word_1_15' title='bbox 940 509 1045 574; x_wconf 86' lang='lat' dir='ltr'><strong>aulam</strong></span> 
     </span>
     <span class='ocr_line' id='line_1_4' title="bbox 221 605 1155 702; baseline -0.009 -23"><span class='ocrx_word' id='word_1_16' title='bbox 221 612 430 702; x_wconf 83' lang='lat' dir='ltr'><strong>ingrediens,</strong></span> <span class='ocrx_word' id='word_1_17' title='bbox 457 616 602 674; x_wconf 87' lang='lat' dir='ltr'><strong>veterum</strong></span> <span class='ocrx_word' id='word_1_18' title='bbox 629 629 693 695; x_wconf 86' lang='lat' dir='ltr'><strong>que</strong></span> <span class='ocrx_word' id='word_1_19' title='bbox 712 608 779 692; x_wconf 86' lang='lat' dir='ltr'><strong>jam</strong></span> <span class='ocrx_word' id='word_1_20' title='bbox 805 607 960 696; x_wconf 81' lang='lat' dir='ltr'><strong>neglecta</strong></span> <span class='ocrx_word' id='word_1_21' title='bbox 983 605 1155 692; x_wconf 76' lang='lat' dir='ltr'>suppellex</span> 
     </span>
     <span class='ocr_line' id='line_1_5' title="bbox 222 702 1142 800; baseline -0.01 -23"><span class='ocrx_word' id='word_1_22' title='bbox 222 713 406 800; x_wconf 81' lang='lat' dir='ltr'><strong>Aggeritur</strong></span> <span class='ocrx_word' id='word_1_23' title='bbox 432 727 564 794; x_wconf 83' lang='lat' dir='ltr'><strong>regum,</strong></span> <span class='ocrx_word' id='word_1_24' title='bbox 591 712 730 771; x_wconf 82' lang='lat' dir='ltr'><strong>tunicam</strong></span> <span class='ocrx_word' id='word_1_25' title='bbox 756 727 775 770; x_wconf 88' lang='lat' dir='ltr'><strong>e</strong></span> <span class='ocrx_word' id='word_1_26' title='bbox 801 704 1026 792; x_wconf 78' lang='lat' dir='ltr'><strong>penetralibus</strong></span> <span class='ocrx_word' id='word_1_27' title='bbox 1054 702 1142 768; x_wconf 87' lang='lat' dir='ltr'><strong>illum</strong></span> 
     </span>
     <span class='ocr_line' id='line_1_6' title="bbox 222 800 1140 894; baseline -0.01 -20"><span class='ocrx_word' id='word_1_28' title='bbox 222 807 354 894; x_wconf 80' lang='lat' dir='ltr'><strong>Selige,</strong></span> <span class='ocrx_word' id='word_1_29' title='bbox 381 825 444 890; x_wconf 92' lang='lat' dir='ltr'><strong>qua</strong></span> <span class='ocrx_word' id='word_1_30' title='bbox 469 803 629 889; x_wconf 87' lang='lat' dir='ltr'><strong>quondam</strong></span> <span class='ocrx_word' id='word_1_31' title='bbox 655 824 772 893; x_wconf 83' lang='lat' dir='ltr'><strong>regum</strong></span> <span class='ocrx_word' id='word_1_32' title='bbox 798 807 1027 867; x_wconf 76' lang='lat' dir='ltr'><strong>saurmissimus</strong></span> <span class='ocrx_word' id='word_1_33' title='bbox 1053 800 1140 866; x_wconf 87' lang='lat' dir='ltr'><strong>altus</strong></span> 
     </span>
     <span class='ocr_line' id='line_1_7' title="bbox 216 903 1028 983; baseline -0.012 -11"><span class='ocrx_word' id='word_1_34' title='bbox 216 904 372 972; x_wconf 79' lang='lat' dir='ltr'><strong>desaaide</strong></span> <span class='ocrx_word' id='word_1_35' title='bbox 399 903 554 968; x_wconf 80' lang='lat' dir='ltr'>humeros</span> <span class='ocrx_word' id='word_1_36' title='bbox 580 909 772 982; x_wconf 81' lang='lat' dir='ltr'><strong>ornaverat,</strong></span> <span class='ocrx_word' id='word_1_37' title='bbox 799 907 875 966; x_wconf 88' lang='lat' dir='ltr'><strong>ante</strong></span> <span class='ocrx_word' id='word_1_38' title='bbox 895 904 1028 983; x_wconf 51' lang='lat' dir='ltr'><strong>*cupitos</strong></span> 
     </span>
     <span class='ocr_line' id='line_1_8' title="bbox 217 997 1306 1083; baseline -0.008 -16"><span class='ocrx_word' id='word_1_39' title='bbox 217 1000 428 1068; x_wconf 88' lang='lat' dir='ltr'><strong>Bethsabeas</strong></span> <span class='ocrx_word' id='word_1_40' title='bbox 455 998 637 1083; x_wconf 77' lang='lat' dir='ltr'><strong>thalamos,</strong></span> <span class='ocrx_word' id='word_1_41' title='bbox 664 1008 700 1064; x_wconf 88' lang='lat' dir='ltr'><strong>et</strong></span> <span class='ocrx_word' id='word_1_42' title='bbox 725 1005 850 1082; x_wconf 88' lang='lat' dir='ltr'><strong>raptum</strong></span> <span class='ocrx_word' id='word_1_43' title='bbox 876 997 992 1064; x_wconf 77' lang='lat' dir='ltr'><strong>fraude</strong></span> <span class='ocrx_word' id='word_1_44' title='bbox 1019 999 1169 1060; x_wconf 85' lang='lat' dir='ltr'><strong>maritum</strong></span> <span class='ocrx_word' id='word_1_45' title='bbox 1300 1037 1306 1047; x_wconf 85' lang='lat'>·</span> 
     </span>
     <span class='ocr_line' id='line_1_9' title="bbox 216 1095 1070 1186; baseline -0.008 -23"><span class='ocrx_word' id='word_1_46' title='bbox 216 1100 408 1186; x_wconf 83' lang='lat' dir='ltr'><strong>integeret</strong></span> <span class='ocrx_word' id='word_1_47' title='bbox 433 1095 523 1160; x_wconf 92' lang='lat' dir='ltr'><strong>nullo</strong></span> <span class='ocrx_word' id='word_1_48' title='bbox 550 1103 732 1160; x_wconf 79' lang='lat' dir='ltr'><strong>temeratus</strong></span> <span class='ocrx_word' id='word_1_49' title='bbox 759 1100 891 1161; x_wconf 85' lang='lat' dir='ltr'><strong>crimine</strong></span> <span class='ocrx_word' id='word_1_50' title='bbox 919 1101 1070 1159; x_wconf 82' lang='lat' dir='ltr'><strong>mentem.</strong></span> 
     </span>
    </p>

    <p class='ocr_par' dir='ltr' id='par_1_4' title="bbox 216 1192 1124 1376">
     <span class='ocr_line' id='line_1_10' title="bbox 216 1192 1124 1282; baseline -0.01 -21"><span class='ocrx_word' id='word_1_51' title='bbox 216 1197 310 1262; x_wconf 88' lang='lat' dir='ltr'><strong>Hane</strong></span> <span class='ocrx_word' id='word_1_52' title='bbox 335 1217 401 1282; x_wconf 83' lang='lat' dir='ltr'><strong>ego</strong></span> <span class='ocrx_word' id='word_1_53' title='bbox 428 1213 487 1280; x_wconf 91' lang='lat' dir='ltr'><strong>per</strong></span> <span class='ocrx_word' id='word_1_54' title='bbox 511 1192 664 1280; x_wconf 82' lang='lat' dir='ltr'><strong>Solymus</strong></span> <span class='ocrx_word' id='word_1_55' title='bbox 684 1214 782 1259; x_wconf 82' lang='lat' dir='ltr'><strong>casus</strong></span> <span class='ocrx_word' id='word_1_56' title='bbox 809 1211 991 1276; x_wconf 86' lang='lat' dir='ltr'><strong>eversaque</strong></span> <span class='ocrx_word' id='word_1_57' title='bbox 1019 1211 1124 1277; x_wconf 80' lang='lat' dir='ltr'><strong>regua</strong></span> 
     </span>
     <span class='ocr_line' id='line_1_11' title="bbox 217 1289 1073 1376; baseline -0.007 -18"><span class='ocrx_word' id='word_1_58' title='bbox 217 1293 402 1358; x_wconf 79' lang='lat' dir='ltr'><strong>Chaldaeae</strong></span> <span class='ocrx_word' id='word_1_59' title='bbox 428 1297 514 1356; x_wconf 87' lang='lat' dir='ltr'><strong>inter</strong></span> <span class='ocrx_word' id='word_1_60' title='bbox 538 1291 685 1356; x_wconf 84' lang='lat' dir='ltr'><strong>dammas</strong></span> <span class='ocrx_word' id='word_1_61' title='bbox 712 1289 897 1376; x_wconf 82' lang='lat' dir='ltr'><strong>Grajoaque</strong></span> <span class='ocrx_word' id='word_1_62' title='bbox 922 1290 1073 1370; x_wconf 85' lang='lat' dir='ltr'><strong>furores,</strong></span> 
     </span>
    </p>

    <p class='ocr_par' dir='ltr' id='par_1_5' title="bbox 216 1390 1107 1572">
     <span class='ocr_line' id='line_1_12' title="bbox 216 1390 1107 1478; baseline -0.01 -21"><span class='ocrx_word' id='word_1_63' title='bbox 216 1391 288 1457; x_wconf 85' lang='lat' dir='ltr'><strong>ileo</strong></span> <span class='ocrx_word' id='word_1_64' title='bbox 313 1398 425 1478; x_wconf 86' lang='lat' dir='ltr'><strong>aptum</strong></span> <span class='ocrx_word' id='word_1_65' title='bbox 448 1399 546 1457; x_wconf 86' lang='lat' dir='ltr'><strong>tenus</strong></span> <span class='ocrx_word' id='word_1_66' title='bbox 573 1390 634 1454; x_wconf 89' lang='lat' dir='ltr'><strong>hos</strong></span> <span class='ocrx_word' id='word_1_67' title='bbox 659 1394 789 1454; x_wconf 88' lang='lat' dir='ltr'><strong>servavi</strong></span> <span class='ocrx_word' id='word_1_68' title='bbox 815 1408 931 1454; x_wconf 89' lang='lat' dir='ltr'><strong>munus</strong></span> <span class='ocrx_word' id='word_1_69' title='bbox 955 1391 987 1448; x_wconf 86' lang='lat' dir='ltr'><strong>in</strong></span> <span class='ocrx_word' id='word_1_70' title='bbox 1014 1405 1107 1450; x_wconf 87' lang='lat' dir='ltr'><strong>usus.</strong></span> 
     </span>
     <span class='ocr_line' id='line_1_13' title="bbox 217 1482 1063 1572; baseline -0.007 -19"><span class='ocrx_word' id='word_1_71' title='bbox 217 1488 382 1554; x_wconf 79' lang='lat' dir='ltr'><strong>Amissam</strong></span> <span class='ocrx_word' id='word_1_72' title='bbox 408 1493 539 1554; x_wconf 77' lang='lat' dir='ltr'><strong>tunicae</strong></span> <span class='ocrx_word' id='word_1_73' title='bbox 565 1487 671 1553; x_wconf 83' lang='lat' dir='ltr'><strong>lunam</strong></span> <span class='ocrx_word' id='word_1_74' title='bbox 699 1485 892 1572; x_wconf 78' lang='lat' dir='ltr'><strong>lapsumque</strong></span> <span class='ocrx_word' id='word_1_75' title='bbox 919 1482 1063 1550; x_wconf 84' lang='lat' dir='ltr'><strong>colorem</strong></span> 
     </span>
    </p>

    <p class='ocr_par' dir='ltr' id='par_1_6' title="bbox 216 1581 1114 1672">
     <span class='ocr_line' id='line_1_14' title="bbox 216 1581 1114 1672; baseline -0.01 -20"><span class='ocrx_word' id='word_1_76' title='bbox 216 1587 329 1652; x_wconf 85' lang='lat' dir='ltr'><strong>Redde</strong></span> <span class='ocrx_word' id='word_1_77' title='bbox 355 1583 453 1650; x_wconf 84' lang='lat' dir='ltr'><strong>Fides</strong></span> <span class='ocrx_word' id='word_1_78' title='bbox 477 1585 666 1672; x_wconf 82' lang='lat' dir='ltr'><strong>alarumque</strong></span> <span class='ocrx_word' id='word_1_79' title='bbox 691 1593 749 1648; x_wconf 87' lang='lat' dir='ltr'><strong>tua</strong></span> <span class='ocrx_word' id='word_1_80' title='bbox 775 1583 816 1648; x_wconf 89' lang='lat' dir='ltr'><strong>de</strong></span> <span class='ocrx_word' id='word_1_81' title='bbox 842 1583 916 1648; x_wconf 84' lang='lat' dir='ltr'><strong>luae</strong></span> <span class='ocrx_word' id='word_1_82' title='bbox 942 1581 1114 1660; x_wconf 84' lang='lat' dir='ltr'><strong>decorem,</strong></span> 
     </span>
    </p>

    <p class='ocr_par' dir='ltr' id='par_1_7' title="bbox 217 1676 1236 1857">
     <span class='ocr_line' id='line_1_15' title="bbox 217 1676 1236 1766; baseline -0.009 -17"><span class='ocrx_word' id='word_1_83' title='bbox 217 1683 279 1766; x_wconf 86' lang='lat' dir='ltr'><strong>Ut,</strong></span> <span class='ocrx_word' id='word_1_84' title='bbox 307 1703 379 1756; x_wconf 88' lang='lat' dir='ltr'><strong>oum</strong></span> <span class='ocrx_word' id='word_1_85' title='bbox 405 1681 595 1748; x_wconf 79' lang='lat' dir='ltr'><strong>Romuleam</strong></span> <span class='ocrx_word' id='word_1_86' title='bbox 622 1684 818 1751; x_wconf 76' lang='lat' dir='ltr'>CHRISTUS</span> <span class='ocrx_word' id='word_1_87' title='bbox 843 1681 1030 1746; x_wconf 76' lang='lat' dir='ltr'><strong>retrahatur</strong></span> <span class='ocrx_word' id='word_1_88' title='bbox 1055 1683 1085 1742; x_wconf 88' lang='lat' dir='ltr'><strong>io</strong></span> <span class='ocrx_word' id='word_1_89' title='bbox 1112 1676 1236 1757; x_wconf 84' lang='lat' dir='ltr'><strong>aulam,</strong></span> 
     </span>
     <span class='ocr_line' id='line_1_16' title="bbox 217 1778 1031 1857; baseline -0.006 -11"><span class='ocrx_word' id='word_1_90' title='bbox 217 1781 385 1847; x_wconf 88' lang='lat' dir='ltr'><strong>Praesidis</strong></span> <span class='ocrx_word' id='word_1_91' title='bbox 410 1801 551 1857; x_wconf 82' lang='lat' dir='ltr'><strong>areanae</strong></span> <span class='ocrx_word' id='word_1_92' title='bbox 576 1785 682 1846; x_wconf 87' lang='lat' dir='ltr'><strong>vestis</strong></span> <span class='ocrx_word' id='word_1_93' title='bbox 708 1779 905 1844; x_wconf 83' lang='lat' dir='ltr'><strong>nitidissima</strong></span> <span class='ocrx_word' id='word_1_94' title='bbox 930 1778 1031 1842; x_wconf 86' lang='lat' dir='ltr'><strong>fibras</strong></span> 
     </span>
    </p>

    <p class='ocr_par' dir='ltr' id='par_1_8' title="bbox 217 1876 1162 2062">
     <span class='ocr_line' id='line_1_17' title="bbox 217 1876 1162 1966; baseline -0.007 -22"><span class='ocrx_word' id='word_1_95' title='bbox 217 1879 349 1966; x_wconf 84' lang='lat' dir='ltr'><strong>Tangat</strong></span> <span class='ocrx_word' id='word_1_96' title='bbox 374 1885 408 1943; x_wconf 86' lang='lat' dir='ltr'><strong>et</strong></span> <span class='ocrx_word' id='word_1_97' title='bbox 433 1885 574 1946; x_wconf 80' lang='lat' dir='ltr'><strong>intactae</strong></span> <span class='ocrx_word' id='word_1_98' title='bbox 601 1876 773 1944; x_wconf 86' lang='lat' dir='ltr'><strong>eandorem</strong></span> <span class='ocrx_word' id='word_1_99' title='bbox 799 1883 916 1944; x_wconf 87' lang='lat' dir='ltr'><strong>mentis</strong></span> <span class='ocrx_word' id='word_1_100' title='bbox 943 1876 1162 1955; x_wconf 83' lang='lat' dir='ltr'><strong>adumbrans,</strong></span> 
     </span>
     <span class='ocr_line' id='line_1_18' title="bbox 218 1973 1019 2062; baseline -0.004 -22"><span class='ocrx_word' id='word_1_101' title='bbox 218 1975 322 2042; x_wconf 87' lang='lat' dir='ltr'><strong>Dulae</strong></span> <span class='ocrx_word' id='word_1_102' title='bbox 348 1995 407 2060; x_wconf 84' lang='lat' dir='ltr'><strong>per</strong></span> <span class='ocrx_word' id='word_1_103' title='bbox 430 1981 605 2062; x_wconf 80' lang='lat' dir='ltr'><strong>augurium</strong></span> <span class='ocrx_word' id='word_1_104' title='bbox 631 1973 727 2038; x_wconf 85' lang='lat' dir='ltr'><strong>Pilati</strong></span> <span class='ocrx_word' id='word_1_105' title='bbox 754 1982 890 2058; x_wconf 77' lang='lat' dir='ltr'><strong>pectora</strong></span> <span class='ocrx_word' id='word_1_106' title='bbox 913 1974 1019 2038; x_wconf 82' lang='lat' dir='ltr'><strong>duest.</strong></span> 
     </span>
    </p>
   </div>
   <div class='ocr_carea' id='block_1_3' title="bbox 211 2163 1207 4205">
    <p class='ocr_par' dir='ltr' id='par_1_9' title="bbox 219 2163 1179 3324">
     <span class='ocr_line' id='line_1_19' title="bbox 317 2163 1179 2250; baseline -0.006 -19"><span class='ocrx_word' id='word_1_107' title='bbox 317 2165 432 2231; x_wconf 88' lang='lat' dir='ltr'><strong>Paruit</strong></span> <span class='ocrx_word' id='word_1_108' title='bbox 456 2163 543 2229; x_wconf 87' lang='lat' dir='ltr'><strong>ulma</strong></span> <span class='ocrx_word' id='word_1_109' title='bbox 567 2163 665 2230; x_wconf 81' lang='lat' dir='ltr'><strong>Fides</strong></span> <span class='ocrx_word' id='word_1_110' title='bbox 690 2163 856 2250; x_wconf 78' lang='lat' dir='ltr'><strong>celerique</strong></span> <span class='ocrx_word' id='word_1_111' title='bbox 882 2185 942 2249; x_wconf 89' lang='lat' dir='ltr'><strong>per</strong></span> <span class='ocrx_word' id='word_1_112' title='bbox 967 2168 1049 2228; x_wconf 71' lang='lat' dir='ltr'><strong>aera</strong></span> <span class='ocrx_word' id='word_1_113' title='bbox 1074 2183 1179 2249; x_wconf 89' lang='lat' dir='ltr'><strong>penna</strong></span> 
     </span>
     <span class='ocr_line' id='line_1_20' title="bbox 221 2261 1164 2351; baseline -0.004 -21"><span class='ocrx_word' id='word_1_114' title='bbox 221 2265 332 2351; x_wconf 80' lang='lat' dir='ltr'><strong>Carpit</strong></span> <span class='ocrx_word' id='word_1_115' title='bbox 356 2269 429 2326; x_wconf 87' lang='lat' dir='ltr'><strong>iter.</strong></span> <span class='ocrx_word' id='word_1_116' title='bbox 480 2264 586 2328; x_wconf 81' lang='lat' dir='ltr'><strong>Troos</strong></span> <span class='ocrx_word' id='word_1_117' title='bbox 611 2261 699 2328; x_wconf 86' lang='lat' dir='ltr'><strong>laets</strong></span> <span class='ocrx_word' id='word_1_118' title='bbox 725 2262 836 2344; x_wconf 83' lang='lat' dir='ltr'><strong>Deae,</strong></span> <span class='ocrx_word' id='word_1_119' title='bbox 861 2263 920 2328; x_wconf 88' lang='lat' dir='ltr'><strong>sed</strong></span> <span class='ocrx_word' id='word_1_120' title='bbox 945 2262 1066 2327; x_wconf 84' lang='lat' dir='ltr'><strong>lumina</strong></span> <span class='ocrx_word' id='word_1_121' title='bbox 1090 2262 1164 2326; x_wconf 89' lang='lat' dir='ltr'><strong>velo</strong></span> 
     </span>
     <span class='ocr_line' id='line_1_21' title="bbox 220 2359 1126 2446; baseline -0.002 -19"><span class='ocrx_word' id='word_1_122' title='bbox 220 2359 425 2427; x_wconf 78' lang='lat' dir='ltr'><strong>Circumfusa</strong></span> <span class='ocrx_word' id='word_1_123' title='bbox 449 2361 574 2446; x_wconf 78' lang='lat' dir='ltr'><strong>latent,</strong></span> <span class='ocrx_word' id='word_1_124' title='bbox 599 2359 757 2445; x_wconf 72' lang='lat' dir='ltr'><strong>pulchrae</strong></span> <span class='ocrx_word' id='word_1_125' title='bbox 783 2361 969 2426; x_wconf 84' lang='lat' dir='ltr'><strong>discrimina</strong></span> <span class='ocrx_word' id='word_1_126' title='bbox 995 2359 1126 2425; x_wconf 83' lang='lat' dir='ltr'><strong>formae</strong></span> 
     </span>
     <span class='ocr_line' id='line_1_22' title="bbox 219 2458 1162 2545; baseline -0.002 -21"><span class='ocrx_word' id='word_1_127' title='bbox 219 2458 321 2524; x_wconf 89' lang='lat' dir='ltr'><strong>Nulla</strong></span> <span class='ocrx_word' id='word_1_128' title='bbox 339 2467 447 2524; x_wconf 88' lang='lat' dir='ltr'><strong>tamen</strong></span> <span class='ocrx_word' id='word_1_129' title='bbox 473 2463 613 2545; x_wconf 89' lang='lat' dir='ltr'><strong>patitur,</strong></span> <span class='ocrx_word' id='word_1_130' title='bbox 640 2458 700 2523; x_wconf 89' lang='lat' dir='ltr'><strong>sed</strong></span> <span class='ocrx_word' id='word_1_131' title='bbox 726 2462 811 2523; x_wconf 89' lang='lat' dir='ltr'><strong>enim</strong></span> <span class='ocrx_word' id='word_1_132' title='bbox 837 2459 1014 2523; x_wconf 74' lang='lat' dir='ltr'><strong>tortuosior</strong></span> <span class='ocrx_word' id='word_1_133' title='bbox 1040 2459 1162 2524; x_wconf 88' lang='lat' dir='ltr'><strong>umbris</strong></span> 
     </span>
     <span class='ocr_line' id='line_1_23' title="bbox 219 2555 1017 2644; baseline -0.003 -22"><span class='ocrx_word' id='word_1_134' title='bbox 219 2557 297 2641; x_wconf 89' lang='lat' dir='ltr'><strong>lpsa</strong></span> <span class='ocrx_word' id='word_1_135' title='bbox 320 2559 391 2620; x_wconf 90' lang='lat' dir='ltr'><strong>suis</strong></span> <span class='ocrx_word' id='word_1_136' title='bbox 416 2563 502 2622; x_wconf 88' lang='lat' dir='ltr'><strong>nitet</strong></span> <span class='ocrx_word' id='word_1_137' title='bbox 526 2565 560 2620; x_wconf 89' lang='lat' dir='ltr'><strong>et</strong></span> <span class='ocrx_word' id='word_1_138' title='bbox 584 2577 681 2622; x_wconf 86' lang='lat' dir='ltr'><strong>saera</strong></span> <span class='ocrx_word' id='word_1_139' title='bbox 707 2555 849 2644; x_wconf 80' lang='lat' dir='ltr'><strong>ealigine</strong></span> <span class='ocrx_word' id='word_1_140' title='bbox 872 2556 1017 2622; x_wconf 84' lang='lat' dir='ltr'><strong>lustrans</strong></span> 
     </span>
     <span class='ocr_line' id='line_1_24' title="bbox 219 2653 1105 2740; baseline 0.001 -22"><span class='ocrx_word' id='word_1_141' title='bbox 219 2656 462 2738; x_wconf 85' lang='lat' dir='ltr'><strong>lnapeotantum</strong></span> <span class='ocrx_word' id='word_1_142' title='bbox 489 2659 633 2736; x_wconf 84' lang='lat' dir='ltr'><strong>animos,</strong></span> <span class='ocrx_word' id='word_1_143' title='bbox 659 2653 777 2718; x_wconf 80' lang='lat' dir='ltr'><strong>divinis</strong></span> <span class='ocrx_word' id='word_1_144' title='bbox 805 2663 941 2740; x_wconf 86' lang='lat' dir='ltr'><strong>pectora</strong></span> <span class='ocrx_word' id='word_1_145' title='bbox 964 2653 1105 2719; x_wconf 84' lang='lat' dir='ltr'><strong>flammis</strong></span> 
     </span>
     <span class='ocr_line' id='line_1_25' title="bbox 219 2743 1084 2838; baseline -0.002 -22"><span class='ocrx_word' id='word_1_146' title='bbox 219 2743 376 2816; x_wconf 82' lang='lat' dir='ltr'><strong>Incendit.</strong></span> <span class='ocrx_word' id='word_1_147' title='bbox 426 2749 536 2816; x_wconf 80' lang='lat' dir='ltr'><strong>Laeva</strong></span> <span class='ocrx_word' id='word_1_148' title='bbox 555 2751 752 2838; x_wconf 84' lang='lat' dir='ltr'><strong>flagrantem</strong></span> <span class='ocrx_word' id='word_1_149' title='bbox 776 2750 942 2836; x_wconf 86' lang='lat' dir='ltr'><strong>lampada,</strong></span> <span class='ocrx_word' id='word_1_150' title='bbox 968 2750 1084 2814; x_wconf 83' lang='lat' dir='ltr'><strong>dextra</strong></span> 
     </span>
     <span class='ocr_line' id='line_1_26' title="bbox 220 2848 1125 2936; baseline 0 -24"><span class='ocrx_word' id='word_1_151' title='bbox 220 2848 387 2936; x_wconf 84' lang='lat' dir='ltr'><strong>insignem</strong></span> <span class='ocrx_word' id='word_1_152' title='bbox 410 2853 575 2935; x_wconf 82' lang='lat' dir='ltr'><strong>pateram,</strong></span> <span class='ocrx_word' id='word_1_153' title='bbox 602 2853 740 2934; x_wconf 83' lang='lat' dir='ltr'><strong>gemmis</strong></span> <span class='ocrx_word' id='word_1_154' title='bbox 765 2865 912 2931; x_wconf 85' lang='lat' dir='ltr'><strong>auroque</strong></span> <span class='ocrx_word' id='word_1_155' title='bbox 937 2852 1125 2931; x_wconf 74' lang='lat' dir='ltr'><strong>stipantem,</strong></span> 
     </span>
     <span class='ocr_line' id='line_1_27' title="bbox 221 2945 1068 3028; baseline -0.002 -18"><span class='ocrx_word' id='word_1_156' title='bbox 221 2945 341 3013; x_wconf 87' lang='lat' dir='ltr'><strong>Gestat</strong></span> <span class='ocrx_word' id='word_1_157' title='bbox 365 2951 399 3010; x_wconf 93' lang='lat' dir='ltr'><strong>et</strong></span> <span class='ocrx_word' id='word_1_158' title='bbox 424 2951 457 3010; x_wconf 91' lang='lat' dir='ltr'><strong>in</strong></span> <span class='ocrx_word' id='word_1_159' title='bbox 481 2951 597 3028; x_wconf 85' lang='lat' dir='ltr'><strong>patera</strong></span> <span class='ocrx_word' id='word_1_160' title='bbox 621 2945 748 3010; x_wconf 79' lang='lat' dir='ltr'><strong>divinae</strong></span> <span class='ocrx_word' id='word_1_161' title='bbox 771 2948 908 3026; x_wconf 83' lang='lat' dir='ltr'><strong>mystiaa</strong></span> <span class='ocrx_word' id='word_1_162' title='bbox 935 2963 1068 3008; x_wconf 88' lang='lat' dir='ltr'><strong>mensae</strong></span> 
     </span>
     <span class='ocr_line' id='line_1_28' title="bbox 221 3039 1080 3131; baseline -0.005 -23"><span class='ocrx_word' id='word_1_163' title='bbox 221 3041 385 3131; x_wconf 85' lang='lat' dir='ltr'><strong>Symbola.</strong></span> <span class='ocrx_word' id='word_1_164' title='bbox 438 3041 560 3106; x_wconf 73' lang='lat' dir='ltr'><strong>crinali</strong></span> <span class='ocrx_word' id='word_1_165' title='bbox 580 3041 650 3127; x_wconf 85' lang='lat' dir='ltr'><strong>jam</strong></span> <span class='ocrx_word' id='word_1_166' title='bbox 674 3051 742 3106; x_wconf 80' lang='lat' dir='ltr'><strong>tum</strong></span> <span class='ocrx_word' id='word_1_167' title='bbox 768 3039 915 3106; x_wconf 84' lang='lat' dir='ltr'><strong>radiabat</strong></span> <span class='ocrx_word' id='word_1_168' title='bbox 942 3046 973 3104; x_wconf 90' lang='lat' dir='ltr'><strong>iu</strong></span> <span class='ocrx_word' id='word_1_169' title='bbox 999 3061 1080 3105; x_wconf 83' lang='lat' dir='ltr'><strong>auro</strong></span> 
     </span>
     <span class='ocr_line' id='line_1_29' title="bbox 222 3138 1158 3226; baseline -0.004 -20"><span class='ocrx_word' id='word_1_170' title='bbox 222 3143 307 3208; x_wconf 84' lang='lat' dir='ltr'><strong>Crux</strong></span> <span class='ocrx_word' id='word_1_171' title='bbox 333 3140 442 3206; x_wconf 85' lang='lat' dir='ltr'><strong>stellis</strong></span> <span class='ocrx_word' id='word_1_172' title='bbox 467 3140 634 3226; x_wconf 74' lang='lat' dir='ltr'><strong>distinata,</strong></span> <span class='ocrx_word' id='word_1_173' title='bbox 660 3141 804 3204; x_wconf 79' lang='lat' dir='ltr'><strong>humeris</strong></span> <span class='ocrx_word' id='word_1_174' title='bbox 830 3143 1007 3203; x_wconf 78' lang='lat' dir='ltr'><strong>commissa</strong></span> <span class='ocrx_word' id='word_1_175' title='bbox 1032 3138 1158 3204; x_wconf 79' lang='lat' dir='ltr'><strong>fluebat</strong></span> 
     </span>
     <span class='ocr_line' id='line_1_30' title="bbox 221 3235 967 3324; baseline -0.007 -20"><span class='ocrx_word' id='word_1_176' title='bbox 221 3238 329 3320; x_wconf 87' lang='lat' dir='ltr'><strong>Palla,</strong></span> <span class='ocrx_word' id='word_1_177' title='bbox 355 3237 504 3306; x_wconf 83' lang='lat' dir='ltr'><strong>laboratu</strong></span> <span class='ocrx_word' id='word_1_178' title='bbox 531 3257 665 3302; x_wconf 78' lang='lat' dir='ltr'><strong>verrens</strong></span> <span class='ocrx_word' id='word_1_179' title='bbox 691 3241 836 3324; x_wconf 81' lang='lat' dir='ltr'><strong>vestigia</strong></span> <span class='ocrx_word' id='word_1_180' title='bbox 860 3235 967 3305; x_wconf 86' lang='lat' dir='ltr'><strong>limbo.</strong></span> 
     </span>
    </p>

    <p class='ocr_par' dir='ltr' id='par_1_10' title="bbox 211 3335 1207 4205">
     <span class='ocr_line' id='line_1_31' title="bbox 221 3335 1098 3419; baseline -0.002 -17"><span class='ocrx_word' id='word_1_181' title='bbox 221 3337 369 3402; x_wconf 89' lang='lat' dir='ltr'><strong>Neverat</strong></span> <span class='ocrx_word' id='word_1_182' title='bbox 395 3336 479 3400; x_wconf 89' lang='lat' dir='ltr'><strong>hano</strong></span> <span class='ocrx_word' id='word_1_183' title='bbox 504 3335 595 3401; x_wconf 79' lang='lat' dir='ltr'><strong>rroer</strong></span> <span class='ocrx_word' id='word_1_184' title='bbox 621 3345 748 3401; x_wconf 85' lang='lat' dir='ltr'><strong>restem</strong></span> <span class='ocrx_word' id='word_1_185' title='bbox 774 3335 960 3419; x_wconf 83' lang='lat' dir='ltr'><strong>Sapientia,</strong></span> <span class='ocrx_word' id='word_1_186' title='bbox 988 3353 1098 3400; x_wconf 83' lang='lat' dir='ltr'><strong>rerum</strong></span> 
     </span>
     <span class='ocr_line' id='line_1_32' title="bbox 223 3433 1027 3520; baseline -0.007 -19"><span class='ocrx_word' id='word_1_187' title='bbox 223 3435 395 3518; x_wconf 84' lang='lat' dir='ltr'><strong>Praescia,</strong></span> <span class='ocrx_word' id='word_1_188' title='bbox 425 3433 596 3520; x_wconf 87' lang='lat' dir='ltr'><strong>divinoque</strong></span> <span class='ocrx_word' id='word_1_189' title='bbox 621 3440 782 3499; x_wconf 75' lang='lat' dir='ltr'><strong>intextura</strong></span> <span class='ocrx_word' id='word_1_190' title='bbox 804 3433 930 3498; x_wconf 80' lang='lat' dir='ltr'><strong>fecerat</strong></span> <span class='ocrx_word' id='word_1_191' title='bbox 954 3441 1027 3496; x_wconf 86' lang='lat' dir='ltr'><strong>arte</strong></span> 
     </span>
     <span class='ocr_line' id='line_1_33' title="bbox 221 3528 1207 3617; baseline -0.003 -20"><span class='ocrx_word' id='word_1_192' title='bbox 221 3528 415 3597; x_wconf 88' lang='lat' dir='ltr'><strong>Terribilem</strong></span> <span class='ocrx_word' id='word_1_193' title='bbox 442 3532 607 3600; x_wconf 73' lang='lat' dir='ltr'><strong>CHRISTI</strong></span> <span class='ocrx_word' id='word_1_194' title='bbox 635 3531 792 3616; x_wconf 71' lang='lat' dir='ltr'><strong>reditum,</strong></span> <span class='ocrx_word' id='word_1_195' title='bbox 821 3529 950 3616; x_wconf 87' lang='lat' dir='ltr'><strong>quando</strong></span> <span class='ocrx_word' id='word_1_196' title='bbox 968 3531 1049 3595; x_wconf 89' lang='lat' dir='ltr'><strong>orbe</strong></span> <span class='ocrx_word' id='word_1_197' title='bbox 1074 3531 1207 3617; x_wconf 88' lang='lat' dir='ltr'><strong>sepulto</strong></span> 
     </span>
     <span class='ocr_line' id='line_1_34' title="bbox 211 3627 1158 3713; baseline -0.007 -16"><span class='ocrx_word' id='word_1_198' title='bbox 211 3627 432 3713; x_wconf 88' lang='lat' dir='ltr'><strong>.Versieolore</strong></span> <span class='ocrx_word' id='word_1_199' title='bbox 458 3629 577 3694; x_wconf 76' lang='lat' dir='ltr'><strong>sedens</strong></span> <span class='ocrx_word' id='word_1_200' title='bbox 604 3628 797 3694; x_wconf 80' lang='lat' dir='ltr'><strong>metuendus</strong></span> <span class='ocrx_word' id='word_1_201' title='bbox 821 3634 854 3693; x_wconf 91' lang='lat' dir='ltr'><strong>in</strong></span> <span class='ocrx_word' id='word_1_202' title='bbox 880 3627 981 3711; x_wconf 85' lang='lat' dir='ltr'><strong>iride,</strong></span> <span class='ocrx_word' id='word_1_203' title='bbox 1005 3635 1092 3695; x_wconf 87' lang='lat' dir='ltr'><strong>vitas</strong></span> <span class='ocrx_word' id='word_1_204' title='bbox 1155 3681 1158 3690; x_wconf 21' lang='grc' dir='ltr'><strong><em>Δ</em></strong></span> 
     </span>
     <span class='ocr_line' id='line_1_35' title="bbox 222 3725 1022 3812; baseline -0.005 -20"><span class='ocrx_word' id='word_1_205' title='bbox 222 3727 379 3812; x_wconf 83' lang='lat' dir='ltr'><strong>Exquiret</strong></span> <span class='ocrx_word' id='word_1_206' title='bbox 396 3725 497 3811; x_wconf 82' lang='lat' dir='ltr'><strong>judex</strong></span> <span class='ocrx_word' id='word_1_207' title='bbox 524 3735 559 3792; x_wconf 83' lang='lat' dir='ltr'><strong>et</strong></span> <span class='ocrx_word' id='word_1_208' title='bbox 584 3726 680 3792; x_wconf 82' lang='lat' dir='ltr'><strong>laetis</strong></span> <span class='ocrx_word' id='word_1_209' title='bbox 705 3731 852 3811; x_wconf 87' lang='lat' dir='ltr'><strong>praemia</strong></span> <span class='ocrx_word' id='word_1_210' title='bbox 871 3733 982 3811; x_wconf 87' lang='lat' dir='ltr'><strong>ponet.</strong></span> <span class='ocrx_word' id='word_1_211' title='bbox 1020 3781 1022 3788; x_wconf 93' lang='lat'><strong>.</strong></span> 
     </span>
     <span class='ocr_line' id='line_1_36' title="bbox 223 3825 1036 3912; baseline 0 -22"><span class='ocrx_word' id='word_1_212' title='bbox 223 3825 390 3890; x_wconf 68' lang='lat' dir='ltr'><strong>Quattuor</strong></span> <span class='ocrx_word' id='word_1_213' title='bbox 413 3831 444 3890; x_wconf 90' lang='lat' dir='ltr'><strong>iu</strong></span> <span class='ocrx_word' id='word_1_214' title='bbox 470 3825 577 3892; x_wconf 87' lang='lat' dir='ltr'><strong>medio</strong></span> <span class='ocrx_word' id='word_1_215' title='bbox 602 3825 784 3890; x_wconf 84' lang='lat' dir='ltr'><strong>stridentes</strong></span> <span class='ocrx_word' id='word_1_216' title='bbox 810 3828 890 3890; x_wconf 75' lang='lat' dir='ltr'><strong>altre</strong></span> <span class='ocrx_word' id='word_1_217' title='bbox 913 3835 1036 3912; x_wconf 76' lang='lat' dir='ltr'><strong>augunt</strong></span> 
     </span>
     <span class='ocr_line' id='line_1_37' title="bbox 222 3922 1160 4012; baseline -0.002 -24"><span class='ocrx_word' id='word_1_218' title='bbox 222 3923 378 3989; x_wconf 88' lang='lat' dir='ltr'><strong>Terribili</strong></span> <span class='ocrx_word' id='word_1_219' title='bbox 402 3924 557 4012; x_wconf 81' lang='lat' dir='ltr'><strong>clangore</strong></span> <span class='ocrx_word' id='word_1_220' title='bbox 579 3923 678 3989; x_wconf 87' lang='lat' dir='ltr'><strong>tubae</strong></span> <span class='ocrx_word' id='word_1_221' title='bbox 702 3922 833 4011; x_wconf 85' lang='lat' dir='ltr'><strong>prodire</strong></span> <span class='ocrx_word' id='word_1_222' title='bbox 860 3922 1022 4008; x_wconf 85' lang='lat' dir='ltr'><strong>sepultos.</strong></span> <span class='ocrx_word' id='word_1_223' title='bbox 1157 3973 1160 3980; x_wconf 90' lang='lat'><strong>.</strong></span> 
     </span>
     <span class='ocr_line' id='line_1_38' title="bbox 223 4020 1106 4106; baseline -0.001 -21"><span class='ocrx_word' id='word_1_224' title='bbox 223 4020 393 4086; x_wconf 81' lang='lat' dir='ltr'><strong>Festinant</strong></span> <span class='ocrx_word' id='word_1_225' title='bbox 417 4020 541 4106; x_wconf 87' lang='lat' dir='ltr'><strong>patulis</strong></span> <span class='ocrx_word' id='word_1_226' title='bbox 567 4022 712 4090; x_wconf 76' lang='lat' dir='ltr'><strong>rediviva</strong></span> <span class='ocrx_word' id='word_1_227' title='bbox 735 4041 908 4106; x_wconf 82' lang='lat' dir='ltr'><strong>erumpere</strong></span> <span class='ocrx_word' id='word_1_228' title='bbox 933 4021 1106 4085; x_wconf 73' lang='lat' dir='ltr'><strong>claustris</strong></span> 
     </span>
     <span class='ocr_line' id='line_1_39' title="bbox 224 4116 1124 4205; baseline -0.006 -21"><span class='ocrx_word' id='word_1_229' title='bbox 224 4117 387 4205; x_wconf 75' lang='lat' dir='ltr'><strong>Corpora,</strong></span> <span class='ocrx_word' id='word_1_230' title='bbox 412 4120 605 4188; x_wconf 80' lang='lat' dir='ltr'><strong>submersos</strong></span> <span class='ocrx_word' id='word_1_231' title='bbox 630 4129 733 4189; x_wconf 86' lang='lat' dir='ltr'><strong>maria</strong></span> <span class='ocrx_word' id='word_1_232' title='bbox 758 4119 919 4188; x_wconf 84' lang='lat' dir='ltr'><strong>admiratu.</strong></span> <span class='ocrx_word' id='word_1_233' title='bbox 935 4116 1124 4184; x_wconf 80' lang='lat' dir='ltr'><strong>refundunt.</strong></span> 
     </span>
    </p>
   </div>
   <div class='ocr_carea' id='block_1_4' title="bbox 0 0 1555 4746">
    <p class='ocr_par' dir='ltr' id='par_1_11' title="bbox 0 0 1555 4746">
     <span class='ocr_line' id='line_1_40' title="bbox 0 0 1555 4746; baseline 0 0"><span class='ocrx_word' id='word_1_234' title='bbox 0 0 1555 4746; x_wconf 95' lang='lat' dir='ltr'><strong> </strong></span> 
     </span>
    </p>
   </div>
  </div>
 </body>
</html>
