3076 4744
688 219 930 275 cnnls'uinnos

259 407 378 472 beriae
406 425 569 492 quercus,
597 414 654 472 aut
679 405 856 472 frondosae
881 404 1061 470 terebinthi

257 503 449 569 incumbens
474 510 608 587 irunw,
635 508 814 586 contempti
841 507 978 566 numinis
1003 508 1102 585 iram,

257 603 300 667 Et
326 601 436 666 scelos
463 608 538 687 ipsc
564 623 657 668 suum
684 601 799 680 flebat,
826 608 1016 684 sortemque
1042 607 1204 684 nepotum.

257 699 301 764 Ut
325 705 461 783 primum
487 707 563 763 ante
589 700 719 779 oculos,
747 698 919 780 Divinique
947 718 1005 762 ora
1029 697 1172 783 Nepotis

258 798 433 880 Constitit3
461 803 602 882 exangui
629 801 736 860 victus
759 793 948 876 formidine,
975 813 1128 882 mum

257 895 439 976 Rettrabit,
467 901 501 958 et
527 899 660 975 repetit,
687 911 769 976 quas
790 881 860 974 jaru'
879 893 948 977 jam
974 891 1115 978 liquerat
1141 891 1282 956 umbras.

255 995 317 1056 Dis
341 990 422 1055 adeo
449 996 478 1053 in
504 995 590 1054 sauri
617 989 713 1054 limen
736 996 946 1054 successerat
969 994 1068 1072 antri,

257 1091 316 1153 Bis
340 1086 454 1152 retulit
479 1105 652 1174 gressum,
677 1095 712 1150 et
734 1091 995 1174 retro-vestigia
1021 1087 1121 1152 flexit.

258 1185 364 1250 (luem
391 1183 487 1247 simul
513 1203 552 1247 ac
577 1185 635 1248 tali
660 1193 799 1251 mentem
825 1182 996 1251 formidine
1023 1203 1173 1269 pressum

258 1281 371 1351 Aurea
394 1280 481 1367 Spes
506 1281 605 1345 rutila
632 1303 786 1366 superum
815 1289 987 1369 prospexit
1009 1281 1049 1346 ab
1076 1299 1168 1348 arce:

257 1378 293 1442 ln
320 1386 439 1442 terram
464 1379 600 1465 paribus
624 1384 786 1445 miserans
809 1379 973 1445 delabitur
998 1378 1079 1462 alis,

257 1474 301 1538 Et
324 1475 548 1541 formidantem
573 1477 680 1542 Diviui
706 1484 850 1543 nectaris
876 1477 980 1542 imb're

257 1570 352 1635 Alma
379 1573 487 1657 fovet,
515 1575 826 1659 tremulique·seuis
852 1579 998 1662 vestigia
1022 1574 1139 1639 firmat.

257 1671 347 1758 Ergo
375 1675 491 1734 animis
517 1681 653 1754 arrctus,
680 1671 857 1737 claustrum
884 1672 1085 1737 venerabilis
1111 1679 1194 1736 antri
1295 1687 1298 1695 '

257 1769 386 1833 Rursus
412 1766 498 1830 adit:
526 1774 629 1855 primo
656 1775 776 1852 positis
802 1775 834 1833 in
860 1768 970 1833 limine
995 1769 1137 1854 supplex

258 1863 446 1928 Procumbit
469 1866 630 1952 genibus3
656 1865 744 1932 felici
770 1867 879 1931 dulcia
903 1875 1014 1930 terrae

258 1960 385 2026 Oscula
410 1961 484 2049 dnt3
512 1962 690 2050 lachrymis
715 1969 787 2028 sine
813 1963 891 2052 lege
918 1963 1109 2028 cadentibus
1134 1962 1252 2026 herbas

258 2058 377 2147 irrigat
403 2061 611 2147 incumbens,
638 2082 697 2126 nec
722 2062 828 2127 adbuc
853 2081 914 2126 sua
939 2061 1075 2127 credere
1101 2062 1213 2125 verbis

258 2156 418 2241 Vulnera,
445 2178 506 2223 uec
532 2165 651 2224 tacitos
676 2157 776 2224 audet
801 2160 984 2244 producere
1010 2156 1129 2222 luctus

259 2253 343 2317 Nam
369 2255 460 2319 velut
484 2258 658 2343 ignivomis
683 2263 816 2320 excussi
843 2257 988 2321 fulminis
1009 2254 1073 2316 alis

260 2347 401 2431 Altinio,
427 2369 509 2430 vox,
536 2351 668 2434 lingua,
693 2371 824 2432 manns,
850 2367 1056 2432 sensusque,
1083 2346 1259 2432 colorque

258 2442 462 2530 Aufugiunt3
490 2444 703 2529 stupidosque
728 2445 805 2530 gelu
833 2442 952 2509 lethale
979 2461 1040 2527 per
1065 2451 1158 2509 artus
1203 2455 1206 2465 '

259 2539 452 2625 inserpens,
478 2545 573 2626 pigro
599 2546 732 2628 stringit
757 2541 950 2626 praecordia
976 2541 1090 2626 lapsus

259 2637 316 2701 Sic
341 2635 515 2722 plusquam
542 2637 701 2701 humanae
725 2645 757 2703 vi
781 2637 965 2722 majestatis
991 2639 1137 2706 Adamus

259 2733 446 2814 Attonitus,
465 2733 557 2818 jacet
582 2740 654 2819 ipse
678 2742 749 2822 sui,
776 2757 965 2824 causaeque
992 2743 1131 2823 viaeque

259 2830 403 2895 Oblitus.-
454 2832 569 2896 Donec
596 2834 769 2900 tremulum
796 2836 967 2920 permulsit
999 2841 1103 2900 amico

259 2929 415 3012 Lumine,
444 2947 509 3015 quo
535 2931 681 3014 nimbos,
709 2942 743 2998 et
768 2943 905 3020 agentes
932 2934 1042 2999 nubila
1066 2939 1184 2996 ventos

259 3026 421 3110 Discutit,
447 3021 556 3113 atque
571 3029 671 3096 altum
693 3030 800 3115 jussit
823 3033 970 3114 profer-re
999 3029 1153 3094 dolorem.

258 3124 340 3189 Tum
365 3146 479 3191 vocem
505 3128 632 3191 crebris
661 3126 863 3214 singultibus
892 3132 1146 3210 interrumpens:
1238 3166 1241 3180 ι

357 3317 432 3382 (lna
457 3325 490 3382 te
514 3317 642 3401 ironte,
678 3319 816 3404 quibus,
846 3319 950 3384 mnndi
978 3339 1059 3404 spes
1086 3325 1198 3403 unica,
1226 3323 1312 3383 votis

258 3413 460 3500 Aggredior,
490 3435 566 3479 reus
594 3417 659 3480 heu
685 3416 864 3498 scelerum,
891 3437 1106 3502 quaecunque
1132 3415 1279 3503 parentis
1306 3457 1308 3464 ,

260 3512 444 3596 Progenies
468 3511 615 3576 infausta
639 3532 785 3599 sequeus
811 3514 962 3598 exempla
987 3515 1151 3600 profudit3

259 3607 482 3692 Quaecunque
508 3613 540 3672 in
565 3631 660 3676 seros
687 3612 800 3676 fundet
821 3616 972 3676 vitiosior
999 3612 1129 3676 annosi)

260 3703 322 3768 llei
348 3705 443 3770 mihi!
472 3707 554 3791 apud
582 3730 722 3792 superos
748 3710 875 3774 facinus
901 3709 1033 3774 crudele
1061 3718 1112 3774 tot
1138 3712 1230 3769 annis

260 3801 405 3866 Deflevi:
434 3823 494 3868 nec
520 3801 625 3868 adbuc
650 3807 753 3870 Limbi
778 3806 961 3891 squalentis
987 3812 1018 3870 in
1046 3814 1140 3870 arrtro

262 3900 454 3964 Destituant
481 3907 616 3966 meritae
639 3911 715 3988 post
741 3909 850 3969 tristia
874 3903 1001 3988 spicula
1025 3907 1139 3968 mortis
1220 3911 1233 3934 ⁰
1290 3915 1296 3924 ·

261 3996 380 4062 Debita
404 3997 496 4064 fatali
522 4003 678 4064 miserum
705 4006 849 4086 suspiria
874 4018 988 4086 pomo:

259 4091 335 4158 rtet
360 4115 485 4162 mecum
510 4115 584 4162 mea
608 4103 810 4182 posteritas,
836 4106 1011 4184 vatumque
1034 4091 1219 4184 ducumque
1267 4129 1271 4138 ·
1321 4099 1325 4128 ·'
