3082 4746
669 207 911 264 conternans

244 396 330 464 Num
358 394 467 480 piacet
491 393 621 460 infando
646 399 746 460 vitam
770 393 893 458 donare
918 392 1062 460 latroni?

243 495 318 559 Non
345 492 495 578 equidem
522 491 651 558 invideo
677 498 765 558 votis
790 490 952 558 felicibus.
1004 491 1070 573 lte,

243 590 370 656 Solvite
395 590 591 676 Barrabam3
618 610 726 674 neque
751 595 836 654 enim
862 594 1072 654 sanctissime
1097 590 1196 656 credo

243 689 385 754 Pectora
410 687 586 754 Leviadum
609 687 717 752 divum
743 685 932 752 famulantia
954 685 1093 773 templo,

243 786 351 852 (lueis
374 791 514 851 meritos
539 785 691 850 damnare
718 783 829 866 nefas,
856 789 953 867 queis
976 782 1049 865 iura
1073 805 1252 852 sacrorum.

241 881 382 950 Funeris
407 890 576 967 aspectum
600 880 791 966 prohibent,
816 887 879 946 tam
907 879 978 946 diva
1004 879 1104 947 iibido

243 980 423 1068 Sanguinis
447 985 557 1044 intacti
584 983 685 1062 rapit,
712 988 749 1044 ut
773 978 902 1044 latrone
926 978 1036 1043 soluto
1127 1033 1129 1040 ,

239 1076 361 1142 ¹Annua
389 1075 540 1143 damnato
569 1075 702 1142 foedent
727 1076 887 1142 solemnia
913 1075 1098 1146 Cunlsvo.

340 1269 415 1335 Non
444 1279 551 1336 tamen
577 1277 699 1356 evicit3
731 1291 867 1358 namque
894 1277 997 1340 omnis
1025 1272 1122 1338 turba
1147 1275 1292 1338 cruentis

243 1368 423 1432 Primorum
450 1367 594 1434 stimulis
620 1367 738 1434 dudum
765 1375 907 1450 irritata,
933 1369 1093 1434 iatronem
1121 1429 1125 1436 .

242 1464 397 1540 Absolvi,
423 1467 522 1532 fixum
546 1465 640 1532 ferali
666 1473 782 1550 stipite
809 1467 1017 1536 CHRISTUM

243 1563 399 1649 Extingui
426 1569 543 1649 poscit.
594 1562 705 1630 Judex
726 1564 857 1630 infanda
884 1570 1026 1649 petentis
1107 1605 1110 1611 v

242 1659 387 1724 Vocibus
412 1667 568 1727 attonitus
594 1660 723 1746 popuii,
750 1682 987 1746 procerumque
1012 1658 1168 1739 tumultu,

242 1756 403 1843 irritaque
426 1763 591 1843 aspiciens
617 1777 658 1822 ex
684 1765 770 1822 omni
796 1768 891 1842 parte
917 1765 1027 1844 perire
1085 1811 1088 1819 .

242 1855 405 1939 Consilia,
433 1861 564 1940 ancipiti
590 1862 728 1922 mentem
757 1856 944 1921 discrimine
970 1861 1083 1939 raptus

242 1952 403 2018 Fluctuat.
455 1951 545 2019 Haec
571 1959 678 2039 potior
705 1953 834 2018 tandem
858 1959 1025 2018 sententia
1049 1951 1153 2032 sedit,

242 2049 380 2116 Solvere
408 2049 621 2132 Barrebbam,
644 2051 758 2138 rigidis
784 2050 931 2120 lacerare
955 2048 1101 2138 flagellis

242 2147 399 2214 Indomita
429 2153 567 2215 invisum
594 2149 726 2234 populo.
775 2148 867 2214 Haec
892 2155 945 2213 vie
971 2148 1043 2214 ecia
1068 2151 1192 2214 timenti

242 2246 328 2310 Tuta
354 2245 540 2330 videbatur,
568 2246 687 2310 domiui
715 2267 780 2331 qua
805 2239 958 2314 Caesaris
982 2252 1060 2312 iram

243 2343 367 2408 Posset
392 2351 426 2407 et
451 2350 623 2430 urgentem
648 2343 791 2408 affectati
817 2343 949 2408 eludere
974 2346 1097 2429 sceptri

242 2437 396 2504 Invidiam
423 2447 456 2502 et
481 2438 573 2525 vulgi
600 2438 699 2505 duras
725 2439 897 2506 inflectere
923 2449 1061 2506 mentes.

341 2630 521 2717 Postquam
546 2631 703 2697 caedendi
729 2631 803 2696 dats
828 2639 942 2719 eopia,
969 2641 1125 2718 quattuor
1150 2637 1234 2700 omni

243 2728 436 2792 Carnificum
463 2748 482 2792 e
508 2728 605 2794 turba
630 2733 727 2795 triste
752 2751 792 2796 ae
817 2730 964 2819 ignobile
994 2751 1110 2798 munus

242 2824 398 2890 Invasere
425 2825 520 2890 ultro.
572 2827 645 2893 Non
672 2828 747 2895 ilias
774 2835 888 2918 regius
914 2834 982 2894 oris

242 2921 380 3011 Egregii
404 2924 504 2989 decor
530 2934 587 2989 aut
613 2925 722 2992 clarae
747 2933 933 2993 reverentia
957 2925 1101 3008 famae„

242 3019 311 3084 Hac
339 3021 456 3085 saitem
484 3031 582 3087 tenus
608 3030 640 3088 in
668 3031 810 3108 speciem
835 3029 1011 3088 mitescere
1034 3029 1157 3102 suasit,

241 3115 284 3182 Ut
310 3141 371 3182 non
393 3120 512 3204 injussi
538 3119 654 3185 feralis
678 3121 789 3185 flebile
814 3139 934 3184 scenae

242 3213 394 3280 Officium
418 3223 618 3301 arriperent,
646 3237 789 3302 poenae,
813 3220 975 3301 suspiria,
1002 3215 1151 3301 planctus

241 3312 426 3378 Pasccbant
453 3314 537 3378 viies
565 3320 707 3394 animos,
735 3321 831 3397 queis
858 3333 922 3378 una
948 3313 1119 3398 voluptas,

241 3409 372 3497 Cogere
398 3409 541 3477 lamenta
564 3419 597 3473 et
622 3415 778 3497 gemitum
805 3419 1004 3494 extorquere
1031 3431 1198 3496 novasque

241 3506 487 3570 Tormentorum
516 3516 605 3571 artes
632 3516 734 3592 etque
760 3513 975 3572 instrumenta
999 3528 1124 3593 parare.

241 3602 303 3666 Hic
326 3601 470 3667 tumulos
495 3603 620 3668 violare
646 3604 751 3671 audax
776 3612 954 3690 vestesque
978 3606 1118 3690 sepultis

241 3697 409 3763 Funereas
434 3720 552 3785 rapere
576 3709 610 3765 et
636 3708 729 3768 sanie
757 3703 919 3769 stillantia
946 3703 1101 3770 membris

241 3795 361 3861 Lintea
386 3802 569 3883 corruptis,
593 3800 679 3864 coeli
705 3808 907 3885 contemptor·
930 3808 963 3864 et
988 3803 1086 3883 Orci,

241 3893 438 3960 Detrahere.
491 3893 551 3958 iiie
577 3894 692 3961 domus
718 3895 898 3981 penetralia
924 3918 1082 3985 spargere
1108 3897 1226 3962 doctus

242 3989 393 4076 Hospitis
418 3996 520 4058 occisi
541 3990 661 4082 jugulo
689 3995 898 4078 verubusque
924 4003 1116 4062 trementem

243 4084 367 4176 Figere
396 4098 430 4155 et
456 4090 596 4157 infandis
623 4090 819 4178 epulandum
843 4112 1008 4179 apponere
1033 4095 1154 4160 mensis
