3056 4758
661 223 903 302 cuarsurnuos

233 405 396 472 Materiae
423 413 585 495 pretium3
610 428 717 494 neque
743 414 827 474 enim
854 429 1013 494 superare
1039 419 1208 496 potestas,

231 503 380 569 Artificis
407 506 532 592 quando
559 526 619 571 nec
648 506 747 570 lrabet
774 512 938 592 sapientia
963 514 1085 587 metas,

231 601 304 666 Neo
328 623 462 667 nurnero
488 602 696 668 includuntur
722 623 824 690 opes,
854 623 914 668 nec
941 602 1016 690 lege
1042 601 1196 670 voluntas

136 767 140 773 ,
231 697 429 787 Stringitur,
456 710 490 766 et
515 701 610 766 finem
637 701 745 766 diviua
770 706 921 785 potentia
947 707 1062 766 nescit.

328 893 400 958 Νοιι
425 901 497 980 opis
517 903 570 957 est
593 903 738 976 nostrae,
771 915 832 960 nec
851 902 959 959 ratum
984 893 1135 980 quicquid
1163 895 1283 980 ubique
1307 899 1362 956 est

231 989 368 1057 Mortali
393 1000 515 1055 tantum
543 1011 601 1053 ore
626 1011 767 1073 sonans,
795 1012 936 1077 aequare
961 990 1107 1058 canendo

230 1089 399 1176 lngeniurn
426 1087 568 1173 lapidum
593 1094 747 1174 viresque
771 1089 938 1174 decusque
964 1087 1152 1175 superbum.

232 1187 305 1252 (luo
332 1182 446 1267 coelo,
476 1205 580 1269 quave
606 1195 687 1268 arte,
714 1187 802 1271 stylo
829 1209 894 1273 quo
919 1185 1083 1272 insculpta
1107 1193 1284 1252 coruscent

230 1283 372 1347 Nomina
399 1280 579 1364 Apostolici
606 1283 864 1348 fortunatissima
891 1293 1024 1364 coctus,

231 1380 393 1463 (tuaeque
418 1384 489 1444 suis
515 1386 665 1467 gemmis,
714 1382 809 1446 (luae
835 1387 944 1469 magni
970 1386 1097 1444 nomina
1122 1379 1234 1459 Petri,

230 1476 326 1540 (luae
353 1474 441 1542 docti
467 1477 587 1542 titulos
609 1478 705 1544 Pauli
731 1477 944 1566 reliquosque
972 1478 1061 1543 beati

230 1571 380 1660 Agminis
405 1579 582 1658 inscriptos
609 1581 740 1660 proprio
767 1597 896 1662 gemma
920 1583 1014 1639 ornet
1040 1574 1181 1654 honore,

229 1670 452 1735 Fundamenta
477 1670 575 1736 Urbis
600 1682 766 1757 portarum
792 1673 912 1738 nobilis
937 1681 1059 1758 aequat

230 1768 407 1849 Materies,
434 1775 531 1833 tereti
561 1775 647 1834 nivei
676 1770 825 1835 candoris
851 1791 987 1834 amoeno
1097 1797 1102 1802 ·

230 1867 415 1952 Rorigenas
441 1886 601 1951 superans
629 1887 793 1954 gemmas,
822 1889 903 1952 quas
929 1866 1056 1931 solibus
1083 1863 1170 1930 ludis

230 1962 265 2026 ln
291 1962 400 2027 luxum
426 1963 586 2028 foecunda
610 1969 696 2049 parit
722 1965 898 2049 Cythereia
926 1964 1061 2028 concha.

229 2061 313 2126 Tres
341 2069 444 2125 ortum
474 2060 558 2126 solis
582 2069 733 2146 spectant
759 2062 959 2147 totidemque
986 2059 1096 2124 cubile

229 2158 420 2224 Occiduum.
470 2157 617 2224 Gelidum
643 2167 712 2224 tres
738 2164 831 2224 saevi
856 2157 1029 2243 Aquilonis
1055 2157 1095 2222 ad
1120 2177 1213 2221 axem

229 2255 390 2342 Vergunt.
442 2254 630 2320 lmbrifcros
657 2257 803 2342 reliquae
830 2257 1014 2340 panduntur
1038 2261 1071 2318 in
1097 2253 1252 2322 Austros*

230 2353 373 2418 Caelatis
397 2373 546 2438 quaeque
571 2353 732 2419 lsacidum
760 2354 911 2418 distincta
935 2351 1083 2439 refulget

229 2449 436 2514 Nominibus.
489 2451 589 2538 Vigili
613 2451 711 2516 limen
739 2457 880 2516 statione
905 2458 1057 2514 tenentes

231 2544 357 2633 Aligeri
385 2546 538 2633 indignos
565 2547 677 2631 procul
705 2570 726 2612 a
751 2546 954 2612 coelestibus
984 2557 1098 2612 arcent

230 2641 393 2729 Sedibus3
420 2643 566 2708 illustres
595 2649 723 2712 animos
746 2653 939 2731 maturaque
965 2643 1058 2708 coelo

231 2739 372 2807 Pectora
396 2741 534 2809 reclusis
560 2743 680 2809 ducunt
705 2749 736 2808 in
763 2747 893 2808 moenia
919 2741 1034 2806 valvis.

327 2935 519 3002 laterioreru
545 2937 637 3002 urbis
663 2938 781 3004 faciem
809 2956 1048 3020 numerosaque
1075 2935 1183 3000 dirum

230 3031 326 3096 Atria
351 3033 589 3120 stellantesque
615 3033 729 3099 domos
753 3043 787 3096 et
811 3041 918 3097 strata
944 3039 1068 3098 viarum

229 3129 408 3194 lmmortali
434 3151 515 3194 auro
539 3131 632 3196 dives
656 3133 826 3214 Sapientia
849 3136 977 3196 struxit.

230 3227 289 3290 Cui
315 3247 419 3310 neque
447 3228 570 3292 Pactoli
595 3228 708 3293 fulvae
733 3228 913 3313 squalentis
937 3247 1077 3307 arenae,

230 3322 303 3387 Nec
329 3324 558 3390 Tartessiacae
586 3335 693 3390 certet
720 3325 880 3390 ditissima
905 3329 996 3410 ripae

230 3419 339 3503 Vena,
367 3443 427 3486 nec
453 3421 597 3486 occiduis
623 3428 729 3487 victor
754 3421 839 3508 quod
869 3421 1000 3486 devehit
1029 3420 1119 3484 lodis

231 3515 320 3580 Orbe
345 3528 463 3600 petens
488 3518 554 3582 alio
582 3525 727 3604 pretiosa
752 3518 898 3605 pericula
921 3517 1049 3582 lberus.

231 3612 338 3697 Auro,
367 3616 451 3700 quod
479 3624 632 3699 quantum
659 3616 789 3704 fragilis
815 3615 1001 3700 specularia
1028 3619 1106 3679 vitri

230 3710 386 3776 Durando
413 3717 531 3794 vincit,
556 3723 680 3778 tontum
707 3713 838 3801 fulgore
864 3733 981 3778 sereno

231 3807 478 3895 Perspicuoque
505 3818 623 3894 premit
649 3817 724 3876 vitri
749 3809 953 3894 penetrabile
978 3807 1106 3888 lumen,

231 3903 398 3990 Acceptos
423 3905 572 3971 referens
598 3907 708 3972 vultus
734 3915 832 3992 atque
857 3906 976 3989 inclyta
999 3903 1107 3968 dirum

232 4000 372 4090 Agmine
398 4009 508 4068 nativo
534 4025 696 4070 renovans
722 4023 880 4089 expressa
905 4002 1057 4066 decore:
