3082 4746
637 195 880 253 cuntsrtnnos

212 385 357 451 insontis
380 381 523 470 Caiplres
545 379 725 470 jugulum}l
753 387 783 448 si
808 401 911 448 coeca
934 381 1047 448 furore

211 482 403 568 invidiaque
428 479 643 548 Sacerdotnm
668 500 783 546 manns
806 485 912 545 omnis
936 484 969 544 in
994 498 1095 544 unum

212 581 370 666 conjuret
394 585 502 646 natum
529 585 562 644 et
587 598 711 666 poenas
737 597 810 642 cnm
836 579 997 664 sanguine
1022 584 1156 663 poscat,

212 677 349 745 anenno
374 677 461 744 haec
483 681 646 742 immerito
669 673 856 740 miserande
881 673 1037 759 rependis
1061 677 1193 742 amico?

211 774 241 839 0
266 782 407 861 nateq‘o
434 773 554 840 Matris
577 791 734 857 suprema
758 779 792 836 et
815 770 889 836 sola
912 771 1087 856 uoluptas,

207 871 303 940 Nunc
329 892 473 959 quoque,
506 878 680 954 supremus
715 867 841 954 quando
867 868 970 934 dolor.
1021 867 1051 932 0
1078 888 1150 934 mea
1175 870 1260 933 vita!

208 972 434 1055 Quisquamne
458 971 629 1032 unanimes
655 963 714 1030 illo
737 965 929 1054 complexus
953 971 1077 1032 amicos

207 1067 368 1148 Pectore,
393 1066 588 1130 inhumanos
612 1082 677 1148 quo
703 1069 739 1126 tu
762 1063 992 1148 complecteris
1017 1063 1163 1129 hostes?

207 1165 433 1247 Quisquamne
458 1161 590 1226 infenso
618 1165 670 1225 sic
695 1166 749 1224 est
773 1160 930 1226 desertus
957 1160 997 1224 ab
1024 1160 1140 1242 hoste,

206 1260 384 1326 Unanlmes
410 1265 447 1325 ut
470 1266 505 1322 te
531 1265 707 1344 potuerunt
731 1256 884 1343 linquere
909 1262 1035 1325 amici?

206 1358 257 1424 Tu
283 1377 415 1444 quoque
440 1361 472 1421 in
498 1355 550 1420 his
574 1361 674 1420 etiam
698 1364 731 1420 te
749 1355 888 1422 'deseris
911 1361 984 1442 ipse
1009 1354 1163 1440 periclis3

206 1455 357 1540 Dumque
382 1452 547 1520 laboranti
572 1471 731 1539 properas
756 1473 953 1519 succurrere
975 1452 1109 1534 mundo,

206 1552 303 1617 (luae
324 1558 359 1618 te
380 1572 507 1636 cunque
526 1557 649 1638 petant,
675 1555 828 1616 miseram
847 1571 931 1636 qnae
955 1547 1094 1616 vulnera
1112 1557 1257 1633 matrem,

205 1649 264 1714 Nil
288 1648 413 1734 refert3
439 1649 611 1734 facilisque
637 1652 684 1713 tui
704 1646 835 1731 jactura
858 1652 989 1733 meique
1016 1653 1078 1712 est.

206 1746 280 1811 Non
307 1754 413 1810 tamen
438 1746 610 1835 indignor,
634 1751 737 1810 miror
761 1750 878 1832 magis.
929 1745 964 1827 1,
989 1744 1092 1810 decus
1117 1743 1226 1826 orbis,

205 1843 319 1909 Patris
345 1842 384 1908 ad
411 1849 583 1931 imperium
608 1842 782 1909 damnatae
808 1845 943 1906 crimino
966 1849 1075 1906 terrae

206 1939 374 2028 Sanguine
397 1961 511 2030 merge
534 1949 602 2006 tuo.
653 1939 792 2005 Etmea
813 1939 939 2024 siquid
962 1939 1098 2006 vulnera
1119 1945 1257 2025 possint,

206 2035 375 2126 Sanguine
400 2059 516 2128 merge
540 2057 624 2103 meo.
674 2037 813 2102 Tantum
839 2042 965 2121 pietate
985 2035 1170 2120 jacentem,

206 2137 282 2202 (lua
306 2157 446 2202 renovas
472 2135 641 2221 mnndum,
668 2134 831 2200 labentem
855 2141 986 2222 respice
1011 2136 1162 2200 Petrum!

206 2233 262 2299 Sic
287 2241 335 2300 ait
360 2242 393 2300 et
417 2255 550 2300 saevam
575 2233 758 2318 lacrymans
783 2231 978 2298 festinatio
1006 2232 1131 2296 urbem.

302 2425 435 2491 Interea
459 2431 509 2488 tot
533 2423 725 2488 vulneribus
750 2424 933 2510 flagrisque
960 2431 1146 2509 gementem

205 2522 383 2609 Aspicieus
409 2521 620 2590 (littusTUM
640 2519 743 2604 judex
767 2520 1020 2607 miserandaque
1044 2529 1140 2610 regni

206 2617 362 2706 Symbola
387 2637 584 2704 purpuream
609 2619 748 2684 frontem
773 2623 946 2702 vexantia,
972 2637 1091 2706 magno
1125 2641 1128 2652 ¹
1159 2653 1161 2658 ·

205 2718 434 2804 Nequicquom
459 2719 622 2804 ingemuit
645 2717 805 2782 turbatus.
821 2725 958 2801 pectora
983 2723 1090 2799 motu,

206 2814 336 2897 ssnippe
361 2819 443 2900 quot
467 2815 575 2880 infixis
601 2813 783 2880 horrebant
806 2823 955 2899 tempora
979 2817 1106 2900 spinis,

206 2912 296 2977 ssuot
321 2910 433 2976 lacera
458 2917 577 2978 attritis
602 2911 750 2978 livebant
775 2911 918 2977 membra
942 2910 1107 2998 flagellis,
1174 2982 1177 2987 ,

206 3008 348 3075 Conscia
371 3015 422 3074 tot
446 3010 586 3077 sceleris
609 3009 733 3074 stimuli
759 3008 955 3094 praecordia
980 3009 1088 3096 figunt

205 3106 434 3193 Exercentque
461 3113 619 3191 animum3
646 3126 707 3170 nee
731 3127 770 3170 se
796 3106 864 3170 fert
888 3110 961 3192 ipse
986 3107 1048 3171 sed
1075 3104 1169 3172 ardet

204 3202 279 3269 Jam
306 3205 434 3271 tandem
460 3209 593 3270 immitis
609 3205 740 3268 rabiem
767 3222 981 3287 compescere
1007 3208 1129 3290 gentis.

302 3394 417 3460 Aurea
439 3394 555 3462 Jessei
581 3415 645 3481 qna
668 3398 804 3478 respicit
827 3399 913 3458 atria
934 3395 1049 3479 templi

206 3491 345 3557 Ausonii
371 3491 485 3556 (lomus
510 3492 576 3558 alta
600 3493 725 3574 ‹lucisp
736 3498 903 3577 procurrit
927 3497 960 3556 in
985 3512 1085 3560 auras

206 3589 249 3655 Et
273 3595 381 3653 notam
408 3586 543 3654 Antonii
570 3595 762 3679 cognomine
790 3587 893 3654 tendit
918 3594 949 3653 in
977 3610 1085 3656 arcem

206 3687 378 3767 Porticus,
404 3684 479 3750 hinc
505 3685 594 3750 illinc
623 3687 779 3775 Phrygiis
805 3707 970 3773 suspensa
996 3686 1154 3752 columnis

207 3783 386 3849 Marmorei
410 3788 615 3870 inspeciem
640 3805 815 3850 numeroso
841 3784 968 3852 fornice
994 3789 1118 3870 pontis.

207 3878 299 3948 Hanc
324 3879 482 3970 gradibus
509 3885 605 3948 nixus
631 3882 731 3946 Pario
755 3880 797 3946 (le
823 3902 982 3950 marmore
1009 3886 1113 3948 sectis

207 3977 359 4044 Ascensu
385 3984 519 4063 superat
542 3999 682 4065 praeses
707 3979 984 4069 GnulsTuMque
1009 3977 1161 4046 molentis

208 4075 365 4144 Sentibus
390 4080 554 4144 evinctum
581 4081 724 4144 rorantia
747 4086 914 4165 ternpore,
942 4082 1074 4162 seeptro
