3082 4748
672 231 916 288 crinisatanos

246 421 354 486 Paene
379 421 441 487 sub
464 425 621 510 ignivomi
647 419 835 487 reciderunt
860 418 1008 484 claustra
1031 416 1203 503 profandi3

246 518 332 585 (luis
358 528 478 586 tremor
504 517 639 585 avulsos
663 518 814 600 tumulis,
839 515 1012 601 Ereboque
1038 520 1192 598 renatos,

246 617 406 703 Suprema
430 616 574 683 involvet
598 616 708 682 mandi
733 615 793 681 sub
816 614 891 678 lace
917 622 1093 695 nocentes,

246 716 326 781 Cum
352 715 438 782 solio
463 715 613 780 residens
638 713 747 778 Judcx
773 710 948 794 stellante,
975 711 1098 792 furori,

245 813 389 880 Nescius
414 812 556 894 inflecti,
581 820 671 876 totas
696 809 844 876 effundet
869 809 1043 876 balaenas.⁰
1091 883 1094 889 ,

342 1005 428 1072 ssaid
452 1005 513 1071 tibi
538 1012 617 1068 tunc
643 1008 739 1069 animi
763 1002 866 1086 Juda,
893 1009 969 1090 quis
996 1003 1121 1089 perfide
1144 1023 1280 1084 sensas,
1382 1023 1389 1040 ‘

176 1122 183 1134 '
245 1105 324 1170 Cum
348 1103 482 1168 fractam
509 1107 677 1186 aspiceres
703 1103 812 1168 divina
836 1123 919 1168 voce
946 1101 1118 1166 cohortem

242 1203 439 1267 lutremere:
468 1221 588 1266 arcena
615 1222 686 1266 cum
713 1205 745 1264 vi
771 1221 830 1285 per
856 1205 987 1264 viscera
1011 1219 1151 1284 serpeus

243 1299 290 1362 Tc
316 1317 464 1383 quoque,
493 1318 587 1383 quem
614 1296 724 1363 nullae
750 1304 899 1382 poterant
923 1297 1090 1362 inflectere
1116 1297 1226 1379 dirae,

244 1394 417 1460 Sterneret
441 1396 620 1460 aethereae
645 1395 767 1460 fulmen
794 1393 998 1482 penetrabile
1023 1395 1185 1481 linguae?
1213 1413 1217 1420 ’

243 1491 317 1557 Non
345 1491 427 1557 alias
453 1500 558 1559 sentis
585 1499 693 1578 vires,
719 1492 908 1578 clarumque
933 1492 1067 1558 latentis

243 1589 393 1655 Numinis
419 1591 601 1657 indicium?
629 1611 694 1675 quo
721 1598 755 1656 te
781 1591 967 1672 malesane,
994 1598 1135 1676 tuasque

243 1686 407 1751 Conderet
432 1689 588 1752 excubias
614 1709 772 1773 praeceps
796 1689 940 1752 vindicta
965 1688 1161 1773 sepulchro,

241 1783 285 1848 Ni
311 1789 386 1869 pius
412 1789 575 1851 immerito
602 1789 748 1869 veniam,
777 1789 959 1872 spatiumve
984 1784 1089 1851 furori
1231 1789 1234 1796 ’

241 1880 411 1946 Annaei-et
434 1880 572 1948 dudexi’
600 1903 706 1969 neque
734 1887 819 1948 enim
843 1889 958 1968 punire
984 1889 1159 1964 nocentes,

243 1978 322 2043 Cum
347 1979 509 2045 scelerum
533 2001 657 2065 poenas
683 1985 715 2044 in
741 2000 780 2044 se
806 1979 990 2046 devolverit
1015 2001 1145 2064 omues,

245 2075 312 2140 Sed
337 2085 460 2143 terrere
487 2084 592 2165 cupit,
620 2078 858 2165 manifestaque
885 2097 1035 2164 promere
1062 2077 1154 2144 Diae*

244 2173 451 2262 Argumenta·
474 2183 671 2262 potestatis,
698 2198 740 2242 ne
766 2177 918 2241 crederet
944 2176 1036 2242 orbis
1081 2203 1083 2208 s
1182 2215 1184 2223 ι

242 2271 406 2355 Discipuli
431 2274 563 2360 indigna
588 2274 737 2338 delusum
764 2273 897 2352 fraude,
923 2273 976 2336 vel
1001 2277 1100 2337 armis

244 2363 431 2432 Aeneadum
458 2388 673 2452 oppressum,
701 2365 807 2430 vincla
831 2374 992 2432 intentata
1017 2369 1160 2434 subisse.

339 2555 382 2620 At
406 2558 524 2622 Petrus
551 2557 645 2622 abaci
670 2558 837 2646 indignum
853 2559 1037 2625 discrimen
1063 2569 1159 2630 amiel

241 2654 435 2738 AspicienS,
462 2675 524 2718 sua
544 2654 612 2738 jam
640 2656 746 2720 credit
769 2663 933 2742 promissa
956 2664 1109 2742 reposcit

240 2753 628 2837 incensusque=anirnum
654 2753 773 2836 iuriis,
797 2775 1025 2841 praecepsque
1051 2756 1183 2841 dolore,

239 2850 276 2914 ln
303 2849 428 2914 medios
453 2855 537 2935 ruit,
572 2860 606 2916 et
631 2853 805 2938 tumidum,
833 2875 872 2918 ac
897 2855 1028 2920 infanda
1053 2865 1237 2922 moventem

241 2947 412 3011 Pontificis
433 2941 589 3018 lamulum
615 2950 755 3034 invadit,
782 2952 827 3015 nil
853 2951 921 3018 tale
948 2956 1080 3017 timenti

239 3043 325 3108 Toto
352 3049 449 3110 animi
475 3053 567 3130 uisu,
594 3057 630 3113 et
654 3048 804 3113 collectis
829 3049 954 3112 viribus
979 3055 1081 3114 ictam

239 3141 275 3204 ln
302 3152 399 3227 caput
423 3149 569 3216 intentat,
620 3143 686 3208 Sed
709 3151 792 3209 enim
817 3144 970 3232 rirblgine
996 3145 1096 3234 longa
1144 3187 1147 3196 ι

240 3238 388 3305 Obtusus
413 3264 543 3323 mucro,
569 3247 657 3306 vires
684 3249 717 3305 et
742 3251 819 3306 vota
844 3242 982 3308 fefellit:

238 3335 283 3399 Et
309 3344 407 3422 capiti
433 3359 590 3423 parcens,
615 3339 773 3403 inhonoro
799 3339 936 3404 vulnere
962 3347 1107 3406 mancam

240 3432 388 3498 Abstulit
414 3436 604 3499 auriculam.
654 3435 780 3501 Dextra
806 3437 987 3503 medicante
1012 3445 1142 3523 reponit

239 3529 397 3595 Avulsam
423 3538 518 3615 capiti
543 3533 677 3615 dutus,
703 3542 737 3599 et
763 3542 913 3619 tempora
937 3544 1051 3618 sanat,

239 3627 427 3714 Degeneris
453 3627 614 3714 lacrymas
640 3631 748 3699 hostis
774 3637 971 3716 miseratus,
999 3641 1033 3698 at
1057 3639 1176 3719 ipsum·

239 3723 441 3808 increpitans
465 3725 582 3792 blando
607 3726 741 3794 Petrum
767 3738 969 3816 compescuit
994 3751 1062 3795 ora.

336 3917 411 3982 Non
437 3918 495 3984 tall
521 3919 663 4001 auxillo',
687 3941 748 3986 nec
773 3921 1005 3987 defensoribus
1031 3927 1107 3984 istis

239 4015 382 4101 Tempus
408 4025 494 4106 eget.
547 4015 585 4082 Si
612 4019 720 4084 vinela
743 4021 841 4100 mihi,
866 4025 1070 4104 mortemque
1095 4017 1251 4086 voluntas

241 4111 416 4200 Effugere,
443 4116 613 4204 angelicas
640 4122 749 4200 acies,
775 4135 1014 4204 numerosaque
1040 4115 1148 4185 diram
1263 4149 1266 4156 ¹
