3076 4744
647 182 890 240 cnnlsuiunos

209 358 400 454 'Explorate
426 387 538 434 manu:
565 367 624 433 scd
650 373 734 435 enim
759 389 846 458 vaga
868 369 992 434 lumina
1016 368 1118 434 fallax

218 466 306 531 Sese
331 472 527 532 ostentantis
553 466 686 536 deflexit
711 467 822 554 gloria
846 470 993 532 monstri.

219 561 397 649 Obstupuit
422 570 525 649 primo
549 571 702 649 aspectu,
727 563 787 628 sed
814 569 961 628 criminis
985 567 1118 646 insons,

217 660 261 725 Et
288 669 411 726 castam
438 661 527 726 nulla
548 671 690 726 mentem
715 659 887 726 formidine
912 679 1047 746 pressa,

218 757 369 824 Advertit
391 758 499 824 facilis
526 777 699 845 gressum,
725 757 869 843 dirisque
895 764 1117 845 propinquans

217 855 356 921 Arboris
382 857 546 920 infaustae
571 861 691 938 ramis,
718 861 903 936 11111111,
930 864 1072 943 quantus

217 954 358 1020 Insidias
384 952 470 1020 falsa
494 949 667 1037 Nymphae
692 953 754 1018 sub
777 959 919 1041 imagine
945 955 1058 1020 tendat
1134 973 1137 980 ’

217 1051 355 1136 Hostis3
380 1057 549 1115 inauratae
573 1048 692 1115 blanda
718 1050 890 1116 dulcedine
916 1052 1036 1117 frontis
1083 1105 1087 1112 .
1143 1082 1150 1096 ’

218 1149 384 1232 Carpitur,
413 1154 449 1213 et
473 1167 570 1229 sese,
598 1154 744 1233 quamvis
770 1148 1007 1233 pulcherrima,
1033 1149 1172 1214 damnat.

219 1245 304 1309 Quin
331 1249 429 1309 etiam
454 1245 575 1310 virides
601 1245 699 1310 orbes
724 1251 876 1328 miratur,
905 1255 939 1310 et
963 1253 1084 1333 anguis
1208 1285 1210 1292 ,

219 1339 299 1406 Sole
322 1340 503 1407 renidentis
529 1363 705 1428 squamoso
730 1349 878 1427 pascitur
899 1359 980 1408 auro

217 1436 421 1522 Imprudens.
471 1439 515 1504 Et
543 1439 612 1524 jam
638 1439 781 1523 dubitat,
808 1439 953 1524 majorne
980 1439 1135 1524 voluptas
1226 1441 1229 1448 '
1261 1465 1263 1468 ·

218 1534 318 1600 Poma
343 1541 404 1617 sit,
432 1558 472 1601 an
498 1543 619 1626 gemini
642 1538 759 1603 faciem
785 1546 935 1622 spectare
962 1538 1125 1604 draconis.

315 1728 375 1794 llle
401 1729 456 1795 ubi
483 1751 546 1795 non
571 1738 703 1796 cautam
727 1737 833 1817 primo
859 1737 1038 1797 certamine
1066 1737 1172 1797 sensit

219 1827 325 1892 Posse
352 1834 444 1912 capi,
471 1849 597 1910 ramos,
623 1835 743 1914 inquit,
769 1829 954 1917 frugesque
978 1829 1098 1893 beatae

219 1923 375 2007 Arboris,
403 1949 423 1990 o
448 1926 557 1990 mundi
575 1928 678 2012 virgo
704 1946 784 2011 spes
810 1927 884 1990 sola
907 1927 1030 2006 futuri,

218 2020 381 2108 Aspicis?
406 2044 489 2087 anne
521 2022 626 2087 oculis
651 2032 774 2088 baritum
801 2025 882 2088 haec
906 2027 1067 2088 concessa
1092 2021 1279 2108 voluptas?

219 2118 281 2185 llia
307 2140 388 2206 age,
416 2139 514 2207 carpe
538 2122 783 2202 manu,'dulois
809 2120 917 2204 labor,
947 2121 1208 2205 ipsepraaibo.¹
1304 2160 1308 2168 ·

165 2297 169 2304 Ι
305 2218 481 2304 ¹Frugibus
506 2215 583 2296 (illa
608 2219 727 2294 refert)
754 2241 817 2282 nou
845 2217 1023 2283 exorabilis
1039 2217 1119 2280 *illis
1216 2217 1219 2222 '

219 2310 313 2375 Mors
339 2314 466 2376 inclusa
492 2313 588 2376 latet:
616 2332 753 2396 namque
779 2314 862 2376 hanc
887 2329 928 2376 ex
954 2312 1104 2375 omnibus
1129 2330 1223 2377 uuam

220 2407 435 2494 Omnipotens
460 2407 565 2471 libare
592 2413 699 2472 vetat:
729 2407 899 2491 dirumque
924 2413 1065 2472 minatur
1187 2429 1190 2436 ·

218 2505 346 2582 Funus,
372 2513 406 2568 et
430 2503 594 2568 infaustos
618 2500 728 2590 legem
751 2504 952 2570 violantibus
977 2525 1089 2569 annos.

315 2602 454 2683 Nescis,
477 2601 558 2665 heu!
585 2607 694 2665 nescis
720 2601 870 2685 (infanda
895 2601 1055 2668 subdolus
1081 2602 1153 2666 infit

218 2696 298 2763 Arte
324 2699 438 2777 draco)
465 2698 585 2784 quibus
611 2699 693 2762 lraec
718 2701 898 2765 virtutibus
924 2699 1053 2766 aemula
1077 2699 1170 2768 caelo

216 2796 325 2861 Arbor
350 2804 443 2878 ovat,
468 2795 605 2881 reliquis
629 2805 851 2881 praestantior
880 2820 958 2880 una,
985 2791 1131 2862 viren'tes

218 2894 325 2958 (lucis
347 2892 479 2978 sylvae,
506 2894 677 2980 collesque
704 2902 849 2981 tument,
877 2917 959 2982 quas
985 2896 1087 2960 divite
1113 2901 1216 2959 nutrit

218 2989 250 3054 ln
279 2997 420 3078 gremio,
446 2991 598 3078 lucisque
623 3002 703 3056 tuus
728 2992 907 3057 Paradisus
933 2997 1087 3056 amoenis.

216 3088 301 3153 Huic
326 3088 398 3171 illa,
425 3095 569 3154 aeternis
596 3109 681 3175 quae
707 3088 869 3153 fructibus
894 3109 995 3154 aurea
1019 3087 1130 3152 saecla

217 3187 412 3272 Continuat3
438 3186 631 3271 validasque
657 3185 781 3251 caduco
807 3191 839 3250 1ιι
867 3207 1007 3272 corpore
1032 3191 1140 3268 vires,

217 3283 331 3367 Cedit,
358 3291 391 3348 et
420 3287 543 3348 amisso
569 3283 696 3374 palmae
723 3283 857 3347 livescit
883 3284 1022 3348 honore.

217 3380 303 3444 Nam
325 3399 389 3464 quo
415 3387 593 3464 perpetuae
616 3379 744 3444 domurn
765 3380 977 3445 memorabile
999 3386 1103 3462 vitae,

217 3475 422 3560 Aeteruique
448 3477 538 3560 dies,
566 3499 649 3564 quos
675 3482 861 3566 ignorantia
885 3483 985 3560 recti,
1011 3499 1012 3504 ¹

217 3572 436 3658 Obliquique,
461 3574 528 3638 alta
552 3595 682 3641 mersos
709 3575 850 3662 caligine
875 3576 1035 3660 torquet?

216 3671 289 3736 Nec
314 3691 416 3735 vanos
442 3671 486 3735 ibi
508 3671 601 3760 linge
627 3682 752 3756 metus,
779 3674 905 3760 fatique
929 3673 1060 3743 latentis

216 3767 374 3849 Insidias,
401 3769 456 3834 ubi
481 3768 556 3835 luoe
580 3791 642 3834 sua
667 3776 831 3856 sapientia
852 3775 988 3858 regnat,

216 3865 408 3932 Excussura
432 3886 579 3950 omnem,
607 3889 691 3954 quae
721 3889 806 3933 nuuc
830 3868 969 3934 obducta
992 3875 1116 3947 tuenti,

216 3961 434 4032 Immortalem
457 3969 597 4034 animum
623 3967 736 4037 densis
761 3987 826 4031 nox
848 3965 996 4053 11111111
1020 3965 1152 4030 umbris.

217 4057 307 4148 Ergo
334 4083 418 4152 ago,
444 4083 541 4150 carpe
567 4085 679 4149 manu,
705 4069 879 4150 roseisque
903 4067 1063 4148 intercipe
1081 4060 1191 4128 labris
1242 4089 1245 4096 ·
