3082 4746
7 287 8 290 =
98 255 229 308 etit—aas
622 247 730 302 LIBER
751 249 822 300 Vlll.

183 436 397 504 Quaerebant
419 433 551 521 dignum
577 439 674 519 capiti
700 431 858 498 diadema.
910 432 1066 498 Placebat
1102 479 1104 484 ·

185 534 340 601 Pluribus
363 539 506 616 aptatum
533 552 552 594 e
577 531 711 614 stipulis
737 540 771 595 et
797 535 951 596 stramine
977 538 1110 597 sertum.

184 632 229 697 At
253 631 344 696 dirae
369 629 519 694 Barathri
543 634 674 713 pestes,
701 627 847 692 crudelia
873 629 961 693 Ditis

183 729 353 810 Monstra,
376 726 429 792 vel
456 730 632 792 innumeris
656 725 793 790 nondum
820 732 967 790 saturata
991 725 1167 812 flagrorum

185 825 400 908 Vulneribus,
428 823 545 908 quibus
569 829 657 888 irrisi
683 828 754 887 siue
781 828 941 909 sanguine
967 820 1048 887 nulli

182 924 374 988 Carnificum
401 926 507 1002 risus,
533 919 677 986 ludibria
701 919 788 986 nulla
814 918 990 1004 placebant
1016 955 1062 966 —-

181 1021 254 1086 Heu
281 1019 378 1084 aliam
405 1018 563 1083 Ausoniis
590 1017 734 1082 crudelia
760 1024 791 1082 in
821 1022 927 1080 omnia
956 1021 1066 1100 pronis

180 1118 406 1207 Suggessere,
433 1115 542 1180 Erebo
569 1116 699 1203 dignam
724 1121 894 1180 inventore
921 1117 1092 1180 coronam!

279 1311 423 1376 Fortuna
448 1309 569 1392 dicam,
592 1332 634 1375 an
660 1310 838 1375 fraenantis
865 1316 983 1374 cuncta
1008 1315 1149 1393 supremi

181 1409 330 1475 Numinis
356 1408 491 1472 arbitrio
518 1429 587 1474 rem
613 1408 823 1492 disponente,
849 1407 911 1472 sub
938 1405 1032 1470 aulae

182 1508 307 1572 Limina
332 1512 494 1570 cervicem
519 1506 648 1570 tribulis
673 1515 828 1570 oneratus
851 1509 957 1568 acutis

181 1605 306 1670 Nescio
333 1609 424 1688 quis,
451 1602 508 1668 vili
535 1603 576 1668 de
599 1603 695 1688 plebe
719 1607 917 1667 novissimus
942 1599 1019 1665 ibat.

181 1703 243 1768 Hic
269 1706 416 1765 matutini
444 1707 565 1786 primos
591 1700 631 1765 ad
658 1699 789 1766 luminis
814 1705 907 1763 ortus

181 1800 376 1865 Quaesitum
401 1797 539 1888 fragiles
565 1798 722 1884 stipulas,
750 1819 812 1882 quo
839 1797 946 1883 frigus
972 1800 1116 1880 inempto

181 1897 293 1961 Triste
318 1894 394 1960 loeo
421 1905 455 1961 et
485 1898 617 1962 brumae
644 1896 766 1983 rigidas
794 1893 987 1960 defenderet
1011 1912 1125 1973 auras,

181 1993 324 2058 Exierat.
375 1993 515 2077 Jamque
541 1999 663 2080 ingenti
689 1994 751 2058 sub
769 1993 868 2056 ‘fasce
894 1990 1046 2054 laborans

182 2088 373 2174 Spinarurn,
396 2109 479 2172 quas
506 2088 620 2153 inculti
647 2090 709 2152 sub
734 2095 855 2153 vertice
883 2091 1001 2149 montis

182 2183 277 2266 (ssuo
304 2204 460 2269 superum
486 2191 555 2273 regi
581 2193 657 2248 nato
685 2184 832 2249 lactarus
859 2187 965 2246 acutis

181 2279 336 2344 Sentibus
363 2279 547 2365 implicitam
574 2281 733 2367 pecudem
758 2279 928 2365 deprendit
953 2276 1132 2356 Abramus)

179 2377 338 2464 Legerat,
366 2386 527 2465 angustas
550 2379 658 2444 laetus
683 2379 852 2443 remeabat
875 2376 916 2440 ad
941 2373 1054 2441 aedes.

180 2474 274 2539 Hunc
298 2474 354 2539 ubi
381 2475 568 2541 carnificum
594 2481 811 2540 saevissimus
839 2496 941 2556 unus,
971 2477 1001 2536 in
1028 2469 1139 2538 urbem

179 2573 410 2658 Prospiciens,
439 2573 538 2656 vidit,
563 2572 672 2637 subito
698 2595 737 2638 se
763 2577 904 2658 proripit
930 2569 1025 2636 aulae

180 2669 231 2732 Ad
257 2669 353 2732 limen
383 2679 583 2754 revocatque
609 2675 713 2735 virum
738 2669 917 2753 dextraque
943 2667 1140 2752 prehensum

181 2764 231 2829 Ad
257 2771 371 2830 socios
395 2765 495 2829 trahit
519 2773 617 2849 atquc
644 2766 725 2830 haec
749 2765 982 2831 admirantibus
1007 2762 1146 2828 addens:

180 2863 245 2944 En,
273 2867 339 2945 ait,
366 2871 402 2926 ut
428 2867 554 2946 coeptis
579 2862 691 2926 faveat
715 2862 845 2926 fortuna
870 2879 1018 2945 novoque

180 2959 359 3047 Egregium
382 2959 553 3040 attulerit,
577 2965 734 3042 comitae,
759 2957 908 3022 diadema
933 2966 1079 3042 tyranno.

180 3057 365 3122 Accessere
388 3078 499 3121 ornnes
526 3057 663 3140 dicenti,
691 3055 844 3140 lrumque
870 3060 1058 3122 trementem

179 3154 295 3218 lnsano
321 3154 474 3220 invadunt
502 3155 624 3220 hilares
652 3152 810 3234 elamore,
837 3157 978 3240 gementi

179 3250 322 3338 Ingratis
348 3250 490 3316 adimunt
515 3253 660 3336 fascem,
687 3251 840 3336 ferroque
869 3256 1017 3337 rigentes

180 3346 339 3432 Aptantes
365 3347 482 3435 digitis
505 3354 667 3430 municas,
694 3349 864 3413 horrentia
888 3351 992 3432 spinis

179 3445 317 3510 Textilis
344 3451 373 3509 in
396 3445 533 3510 formem
560 3444 707 3530 plectunt
732 3444 875 3532 virgulta
899 3433 1054 3525 coronae.

179 3542 288 3627 Atque
309 3543 364 3628 alii
392 3548 517 3608 interea
540 3542 706 3625 (referens
732 3543 907 3623 horresco)
933 3546 1078 3605 cruentis

180 3639 240 3702 Vix
265 3641 348 3705 bene
375 3647 589 3724 compositum
616 3640 768 3704 membris
798 3638 958 3704 violenter
982 3643 1132 3703 amictum

179 3735 371 3822 Abripiunt3
397 3743 535 3803 irritatis
560 3736 653 3801 dolor
675 3741 785 3800 acrius
811 3741 877 3800 urit

180 3833 390 3917 Vulneribus,
418 3840 549 3900 tunicae
576 3843 749 3900 concretus
775 3840 910 3920 sanguis
937 3838 1060 3916 apertis
1148 3856 1152 3862 ·

178 3928 332 3994 Fontibus
359 3933 513 4014 exundat,
539 3933 707 3996 laceratae
733 3930 895 4018 fragmina
921 3935 1029 3993 curnis

177 4025 320 4090 Avulsae
348 4035 440 4115 tergo
467 4037 578 4096 vestes
603 4030 718 4094 avulsa
746 4035 935 4114 sequuntur.

177 4122 379 4209 Purpuream
403 4127 478 4191 bine
504 4125 683 4210 clamydem
710 4125 834 4190 meliori
862 4129 993 4190 murice.
1011 4127 1127 4284 find?
