3048 4760
107 228 243 280 tta-mi
641 243 645 253 ’
663 223 771 280 LIBER
794 225 816 276 1.

196 410 364 477 Victorem
387 413 548 495 strepitu,
576 428 742 494 cornuque
768 407 922 494 lacessiit
948 417 982 474 et
1005 427 1130 480 omnen

196 508 341 573 Venator
366 506 489 573 timidis
515 505 641 590 sylvam
665 505 839 572 latratibus
863 505 984 590 implet.
1118 579 1123 593 .

195 605 326 671 Interea
350 619 453 669 ranas
478 608 583 668 uictor
608 609 682 668 sine
705 603 829 670 ririhus
852 608 918 668 iras

197 703 366 790 Sperneus
394 708 431 766 in
454 722 516 766 sua
539 701 646 768 lustra
670 701 773 785 reditr
799 700 1010 788 catulumque
1034 708 1169 786 parenti,

196 801 365 866 Restituit.
418 798 581 864 Plaudunt
602 797 738 882 sylvae,
762 797 961 884 laudantque
986 807 1121 883 recepto

195 899 308 966 Fratre
333 897 587 982 triumphantem
613 895 749 962 soboles
775 916 939 984 generosa
960 896 1100 964 leonem.

293 1090 429 1157 Viderat
451 1091 533 1157 haec
557 1111 683 1156 summa
709 1083 857 1174 Caiphae
882 1090 1073 1175 speculator
1099 1087 1141 1157 ab
1171 1111 1249 1158 arce

194 1187 349 1274 Lucifer,
376 1196 411 1254 et
433 1189 530 1254 iuriis
556 1194 696 1256 animum
722 1187 993 1256 inflammantibus
1010 1194 1138 1274 impar:
1216 1234 1220 1258 ι

196 1287 259 1353 Ast
284 1286 387 1370 alios,
415 1291 537 1372 iuquit,
564 1285 719 1374 plausus,
746 1285 895 1370 aliosque
921 1287 1104 1371 triumphos

195 1384 404 1472 spectandos
423 1383 490 1468 jam
513 1385 581 1469 jam
608 1384 767 1452 dabimus.
820 1383 891 1450 Nec
917 1382 1014 1468 plura
1037 1383 1182 1468 locutus,

194 1482 240 1548 Se
265 1482 395 1569 Stygiis
420 1488 536 1548 mersit
560 1483 725 1562 tenebris,
750 1495 912 1568 aurasque
938 1480 1082 1566 reliquit.-
1209 1516 1213 1522 ⁴

194 1581 236 1646 Ut
261 1585 397 1666 primum
424 1579 544 1646 inferni
570 1584 835 1667 postesirrupit
859 1579 1004 1662 ahenos,

192 1679 342 1744 Tartarei
369 1677 534 1762 trepidare
560 1697 677 1758 canes,
701 1678 897 1744 horrescere
921 1695 1061 1762 sparsae

195 1775 406 1842 Eumenidum
432 1796 491 1859 per
516 1775 604 1842 colle
630 1795 762 1859 cumaea
787 1794 927 1860 namque
951 1779 1070 1860 igneus
1096 1777 1169 1844 inu

193 1872 386 1939 Visceribus
413 1873 505 1938 furor
530 1872 717 1955 exundans,
744 1871 909 1957 Cyclopea
933 1871 1072 1942 flammis
1141 1931 1145 1940 ,
1184 1918 1209 1941 ,.
1266 1889 1270 1896 ’

194 1970 329 2034 Lumina
354 1971 522 2050 torrebat,
550 1969 829 2054 Majestatemque
848 1973 982 2052 ‚tyranni
1061 2011 1065 2020 -

194 2065 388 2132 Terribilem
413 2071 531 2132 mistus
556 2063 661 2151 pudor
679 2072 772 2154 irae,
799 2087 838 2132 cc
863 2053 992 2134 additus
1018 2063 1088 2128 illis

195 2163 347 2251 Augebat
372 2165 491 2229 fastus.
542 2162 686 2228 Tandem
710 2162 912 2249 indignantia
938 2160 1039 2228 solvit
1064 2199 1066 2208 =

193 2260 280 2347 Ora,
307 2269 449 2328 tremunt
473 2261 583 2350 pavidi
608 2259 781 2326 verborum
806 2257 846 2325 ad
872 2257 1153 2325 fulminandum.
1188 2311 1193 2326 ,

195 2455 284 2544 Ergo
307 2464 358 2522 tnt
383 2457 538 2540 iusidias,
565 2465 599 2523 et
623 2466 673 2523 tot
699 2462 861 2542 patiemur
886 2461 1012 2523 inertes
1073 2505 1076 2512 ι
1169 2505 1173 2514 .

176 2552 227 2617 .ln
253 2563 350 2641 capnt
375 2560 514 2622 inrisum
539 2555 664 2620 frustra
690 2555 849 2620 cecidisse
876 2553 1039 2619 labores?

194 2652 280 2717 auid
304 2652 385 2718 mihi
410 2652 586 2718 inhumana
610 2652 791 2718 lactentum
817 2652 919 2718 caede
944 2657 1101 2718 cruentus
1148 2706 1152 2718 .

194 2745 366 2817 Praestitit
391 2749 641 2816 {demissa-tot
666 2750 878 2818 charisium
898 2753 935 2814 ,in
962 2746 1106 2816 millibus
1134 2765 1232 2815 unum

191 2846 375 2912 Extinctum
403 2846 511 2912 volui:
537 2855 653 2932 totque
678 2845 735 2912 ille
763 2866 781 2909 e
808 2844 960 2927 millibus.
977 2863 1079 2924 uirus,

192 2943 294 3009 Elusa
319 2945 439 3010 infandi
466 2943 597 3027 fraude,
622 2953 656 3008 et
680 2945 814 3010 feritate
840 2947 967 3026 tyranni

191 3040 330 3106 Niliacis
356 3041 455 3110 latuit
481 3042 539 3107 fati
564 3057 707 3108 securus
732 3046 762 3104 iu
789 3045 869 3104 oris.

192 3138 277 3224 Quid
304 3140 421 3224 loquar
446 3147 482 3204 ut
500 3137 656 3222 juvenem
673 3136 800 3221 jejunia
826 3137 925 3224 longa
948 3135 1151 3213 trahentem,

190 3234 232 3299 Et
256 3227 319 3303 ahi
346 3242 528 3302 inaccessis
553 3236 734 3300 latitantem
761 3241 909 3300 cominus
935 3231 1060 3298 umbris

192 3331 288 3412 Omni
312 3343 384 3398 arte
410 3333 565 3398 invadens
591 3332 719 3409 [taedet
745 3337 951 3411 meminisse,
979 3325 1162 3414 pudetque]

191 3429 263 3494 lieu
291 3431 372 3494 nihil
401 3437 495 3496 evici«
547 3429 656 3516 Sylvis
682 3445 842 3517 egressus
868 3433 1015 3496 amoenis
1100 3475 1103 3486 .

191 3525 369 3592 ludomitas
396 3529 506 3594 verbis
532 3537 658 3593 ruentes
685 3533 861 3611 versatque
891 3507 1056 3609 trahitque

190 3621 319 3706 Victor,
348 3634 382 3690 et
407 3627 556 3690 aetherei
581 3625 719 3692 flammis
745 3623 888 3690 incendit
913 3627 1044 3692 amoris

189 3717 262 3784 Nec
286 3721 478 3788 formidatus
504 3722 646 3794 Phariae
671 3722 744 3786 Dux
771 3721 932 3807 Corniger
956 3719 1072 3801 aulae,

190 3815 261 3881 Nec
286 3819 445 3886 fortunati
469 3825 614 3886 nemoris
640 3829 737 3886 vetus
761 3817 889 3899 incula²
916 3816 1009 3882 caelo

189 3913 340 3982 invectus
366 3919 490 4004 rapidis
516 3926 609 3984 rates
634 3916 798 3982 homicida
820 3916 1011 4002 quadrigis,

188 4011 325 4078 Talibus
352 4021 483 4082 attoniti
515 4020 671 4082 monstris
694 4015 886 4098 praecordia
912 4012 1001 4102 vulgi
1130 4061 1134 4070 .

188 4108 221 4172 ln
246 4118 359 4192 partes
382 4121 523 4180 traxere.
574 4112 695 4180 Parum
718 4121 772 4178 est
795 4127 953 4180 renovare
975 4105 1153 4268 sepultupps
1168 4131 1183 4144 ›·
