3082 4746
641 218 884 274 cuntramnus

222 405 416 484 (Audivisse
442 412 539 489 putes
563 409 720 484 sonitum]
744 405 917 474 formidine
944 411 1055 490 presai

222 501 263 568 Hi
289 502 432 568 tumulos
457 501 582 567 frustra
608 509 776 589 repetunt3
803 504 864 568 hos
889 511 1007 568 evocat
1033 507 1123 565 urnis

179 586 182 593 ¹
222 599 309 686 Spes
335 621 471 684 secura3
500 600 603 665 bonos
628 599 793 666 stellantis
820 605 915 685 regia
940 599 1025 665 coeli
1232 669 1235 676 Ι

220 697 368 784 Accipit3
386 704 542 785 ‘ingratos
568 697 774 785 graveolenti
801 707 890 760 terra
915 697 1093 762 dehiscens
1195 727 1200 735 ·

221 795 361 861 luvolvit
387 799 514 882 gremio
539 794 742 879 flammisque
767 793 966 880 perennibus
989 793 1090 859 abdit.

221 891 263 958 Ut
287 899 423 978 primum
450 896 573 957 invisae
598 892 734 981 fastigia
761 898 902 979 contigit
927 892 1040 974 aulae,

217 990 429 1077 Compressit
454 988 564 1054 radios
586 996 620 1052 et
642 984 789 1055 flammas
814 987 974 1075 lampadis
1002 995 1086 1056 atris

221 1087 358 1154 lnclusit
384 1084 534 1172 nebulis3
560 1095 593 1150 et
617 1081 827 1152 inobservata
852 1095 1016 1172 repertam

221 1185 383 1268 Exposuit
408 1186 549 1250 tunicam
577 1204 741 1268 prunasque
769 1191 968 1251 recensitio
996 1205 1107 1250 auras.

319 1377 355 1441 ln
381 1377 509 1442 coelum
536 1385 636 1444 variis
662 1378 794 1464 Solyma
821 1382 1040 1464 pulcherrima
1066 1335 1176 1468 surgit

222 1475 410 1558 Montibus,
437 1484 470 1540 et
494 1478 625 1543 tumidis
651 1483 810 1563 impostae
839 1478 980 1545 collibus
996 1499 1101 1556 ,arces

221 1573 333 1638 Atriis
358 1595 484 1639 omnem
510 1575 716 1664 distinguunt
743 1577 892 1641 turribus
917 1577 1040 1642 urbem.

221 1670 304 1738 Tres
330 1671 467 1758 reliquis
492 1673 608 1738 famam
625 1679 779 1758 eripiunt
804 1681 838 1738 et
866 1680 991 1740 vertice
1019 1674 1110 1740 celso

222 1769 265 1834 Et
289 1769 428 1834 laterum
455 1775 584 1836 immani
611 1779 716 1836 tractu
744 1792 924 1859 regumque
959 1773 1110 1856 aanperbi

221 1865 387 1953 Molibns3
412 1873 537 1934 insanis
562 1877 677 1934 vastos
701 1873 756 1956 qui
783 1873 916 1956 cingere
940 1870 1088 1957 gandent
1226 1941 1229 1948 ,

224 1964 409 2030 Parietibus
435 1975 563 2032 montes
589 1977 624 2031 et
649 1967 802 2032 claudere
817 1972 859 2031 -in
885 1967 1024 2033 aedibus
1048 1967 1159 2034 urbes.

223 2062 287 2128 Hic
312 2072 507 2148 exporrecto
533 2071 672 2131 vicinum
697 2062 836 2130 culmine
862 2065 990 2131 eoelum

224 2161 383 2228 Aemulus
410 2167 517 2228 irritat
543 2183 727 2251 magnoque
750 2162 875 2246 palatia
894 2161 1002 2247 jactat

223 2259 379 2326 dessidae
406 2269 594 2328 constructa
619 2261 717 2346 Sion3
745 2259 906 2326 illustrior
929 2259 997 2325 illic

223 2355 331 2422 Moria
352 2358 515 2443 inaequali
542 2363 664 2421 sensim
690 2363 776 2440 petit
801 2359 936 2422 aethera
962 2357 1080 2438 dorso,

224 2453 266 2518 Et
291 2453 478 2518 Salomonei
505 2460 650 2518 ostentat
676 2453 796 2519 decora
821 2454 942 2539 inclyta
966 2455 1106 2542 Templi.

225 2551 323 2615 Parte
347 2549 412 2614 alia
437 2555 584 2638 egregiis
612 2549 791 2633 subjectam
817 2551 960 2618 turribus
987 2555 1099 2620 urbem

224 2649 351 2735 Regius
377 2646 522 2712 illustrat
546 2646 661 2729 collis,
685 2648 829 2734 clarique
856 2649 1006 2716 decorem

224 2745 390 2810 Eximium
411 2746 523 2831 templi
550 2744 726 2830 splendore
752 2747 935 2834 opibusque
961 2748 1108 2814 lacessit.

224 2842 406 2928 Praecipue
432 2863 496 2928 qua
520 2863 557 2908 se
584 2843 785 2912 Mariamnes
808 2854 904 2935 regia
927 2853 959 2912 in
985 2867 1084 2911 auras

225 2939 344 3005 Exerit,
364 2941 557 3027 aethereas3
583 2963 688 3028 neque
714 2950 799 3010 enim
825 2947 879 3008 hic
905 2949 1039 3009 uxorius
1065 2945 1145 3010 ullis

226 3037 415 3123 Sumptibus
441 3038 607 3124 Herodes,
636 3063 700 3126 quc
727 3048 909 3107 testaretur
932 3046 1054 3105 amoris
1089 3072 1092 3080 Δ

225 3135 333 3201 losoni
359 3138 524 3222 flammas,
551 3137 815 3223 desideriumque
841 3137 1004 3224 superbae

226 3233 402 3323 confingis,
429 3245 464 3299 et
488 3244 635 3300 veterum
663 3237 830 3300 celebrata
855 3235 981 3320 palatia
1005 3255 1120 3323 regum

226 3331 381 3398 Vinceret
406 3332 590 3398 admirando
618 3338 729 3417 operis
754 3330 949 3416 splendore,
976 3340 1134 3418 pepercit.

225 3428 410 3495 Excurrunt
434 3441 527 3494 secto
553 3429 732 3494 fabricatae
757 3449 918 3495 marmore
943 3438 1073 3511 tunes,

227 3526 332 3594 (lueis
358 3529 447 3592 Parii
475 3527 638 3592 invideant
663 3536 810 3612 montes3
837 3533 887 3592 sic
911 3547 992 3594 saxa
1018 3530 1195 3594 cohaerent

227 3624 340 3709 Saxis,
363 3634 399 3690 ut
424 3635 516 3692 secto
544 3631 750 3689 constructas
776 3645 935 3690 marmore
958 3635 1066 3690 turres

228 3721 315 3789 Esse
342 3742 446 3808 neges
472 3727 628 3806 vivasque
655 3730 752 3809 putes
778 3743 953 3790 excurrere
976 3744 1089 3810 rupes.
1126 3723 1131 3732 ’

229 3819 315 3886 auid
340 3818 473 3903 loquar,
500 3827 537 3882 nt
561 3818 715 3884 brevibus
740 3820 905 3887 formosae
930 3820 1218 3888 incluserit'acdis

228 3917 381 3998 Finibus,
406 3919 548 4004 ingeniis
573 3937 628 3982 ars
653 3925 687 3983 et
712 3925 826 3984 natura
853 3925 994 4002 coactio,
1210 3922 1213 3929 '

229 4013 392 4100 Quicquid
417 4013 558 4082 diversis
583 4035 731 4102 sparsum
759 4018 952 4106 regionibns
977 4019 1046 4083 orbi

229 4112 367 4194 Dividit,
394 4119 468 4198 ipsu
493 4133 554 4180 suo
579 4115 667 4181 terra
690 4119 864 4202 ingeniosa
890 4115 1009 4184 decori.
