3060 4752
144 210 277 262 stt-m
679 205 856 260 [amburit.

231 390 341 478 Atque
367 387 509 456 Arabum
535 391 656 456 nimbis·
677 396 773 476 primi
798 389 1007 457 suttnmtno
1031 391 1114 461 solis

231 487 432 574 Oeeiduique
458 485 576 554 adolet.
628 489 772 554 Laevum
797 489 980 557 immortale
1007 487 1163 554 lucernae
1189 517 1191 522 ·

231 586 395 676 Perpetuo
419 586 591 673 flagrantis
617 608 704 673 opus
726 586 813 652 latus
842 594 998 674 occupat,
1024 594 1058 651 et
1081 587 1158 652 fons

229 682 408 770 Largifluis
433 683 612 750 foeoundus
638 689 750 769 aquis,
776 685 924 750 dextrum
951 705 1051 750 aurea
1075 706 1189 752 mensa

229 780 273 845 Et
297 780 395 845 limbo
422 789 456 846 et
482 780 603 866 duplici
629 788 749 846 circum
777 781 927 847 redimita
951 803 1082 848 eurora.

226 877 333 962 llujus
358 879 398 942 ab
424 889 571 945 extremo
596 879 774 965 penetralis
800 885 942 964 pariete,
961 885 1069 945 mirae

225 972 315 1039 Artis
342 997 425 1061 opus
450 977 559 1042 velum
585 977 731 1061 nullique
758 978 915 1042 imitabile
941 978 1088 1064 pendens

224 1071 341 1137 lntima
367 1079 511 1162 spectari
540 1076 693 1162 probibet
718 1079 881 1156 sacraria,
907 1083 997 1159 pieto

224 1169 409 1252 Marmore,
435 1170 551 1256 cedro,
578 1194 659 1238 auro
685 1171 830 1237 rutilanti
856 1182 981 1237 ornata.
1033 1175 1196 1240 Deoorem

224 1266 335 1332 Aurea
361 1269 482 1334 siderei
506 1277 660 1336 mentitur
684 1269 809 1336 tabrtoa
834 1271 939 1356 eoeliq

223 1365 305 1430 Nam
333 1374 442 1432 varlas
469 1367 644 1434 Cherubim
671 1370 775 1433 facies
801 1376 836 1433 et
862 1367 960 1433 Veris
986 1367 1106 1434 odoras

223 1463 435 1530 Luxuriantis
462 1487 544 1553 opes
569 1466 702 1532 simulat
726 1487 936 1554 gemmasque
962 1471 1106 1532 nitentes
1197 1519 1199 1526 .

222 1561 266 1626 llt
293 1562 414 1628 virides
439 1561 566 1648 palmae
592 1585 701 1630 ramos
728 1570 934 1650 animataque
961 1563 1046 1628 ooeli

222 1657 370 1726 Artificis
396 1660 494 1727 duetu
519 1668 671 1748 vivisque
697 1661 862 1728 coloribus
890 1681 957 1726 ora.

223 1755 343 1820 Pervia
369 1758 523 1824 Pontifiei
550 1759 631 1825 baec
657 1765 710 1824 nni
737 1757 1095 1844 penett·alia,-quando

222 1854 365 1920 Effrenis
390 1857 503 1940 populi
528 1857 649 1923 lustrat
674 1856 793 1922 delicta
822 1863 1016 1942 quotannis,

223 1950 343 2016 0blato
368 1953 461 2018 vituli
487 1960 518 2018 in
546 1961 676 2021 eineres
702 1961 793 2038 prins
820 1961 897 2041 igne
922 1955 1045 2020 redacti

223 2049 389 2137 Sanguine
417 2061 451 2115 et
476 2058 599 2118 emisso
624 2053 788 2138 sylvarum
816 2057 847 2116 in
871 2052 965 2117 devia
991 2071 1098 2138 capro.

222 2145 306 2212 Ante
333 2148 493 2215 Sedeoiae
518 2149 621 2215 iatum
647 2159 681 2215 et
707 2149 895 2216 miserabile
921 2149 1033 2235 templi

221 2244 388 2311 Excidium
416 2249 467 2311 bie
493 2248 601 2313 stabat
627 2247 758 2312 Musaei
787 2246 932 2312 foederis
959 2244 1063 2328 Area,

220 2343 361 2408 Divinae
387 2343 475 2432 legis
500 2345 630 2412 tabulas
655 2351 847 2434 virgamque
874 2345 937 2410 sub
962 2357 1027 2408 nna

221 2440 346 2524 Nocte,
372 2449 555 2527 insperatis
580 2442 670 2510 loliis
695 2453 731 2510 et
755 2443 893 2508 fioribus
920 2449 1048 2506 anetam

220 2536 264 2602 Et
288 2545 375 2604 nivis
400 2546 432 2604 in
457 2561 582 2606 morem
607 2541 750 2608 labentis
776 2542 817 2606 ab
843 2541 983 2608 aethere
1010 2537 1155 2603 Mannae

221 2633 289 2698 Vas
314 2657 471 2722 servans;
499 2643 622 2724 gemini
649 2640 732 2703 bano
757 2639 876 2704 defixis
901 2636 1046 2703 vultibus
1071 2642 1104 2699 iu
1129 2654 1168 2700 se
1274 2651 1280 2671 s

220 2731 263 2796 Et
287 2739 400 2818 passis
426 2733 602 2798 Cherubini
629 2735 821 2799 umbrabant
848 2734 991 2819 desuper
1016 2732 1090 2798 ulis.
1169 2773 1174 2797 .

317 2925 487 3016 Aligerum
513 2930 578 2993 buo
604 2932 756 3013 princeps
782 2947 906 2994 summo
931 2926 1087 3008 delapsus
1113 2924 1252 3008 Olympo

220 3026 298 3090 Cum
324 3030 448 3108 soriis,
476 3026 567 3091 nitidi
593 3033 716 3090 tentum
745 3023 937 3090 admirabile
963 3023 1046 3105 veli,

220 3121 315 3187 ssnod
343 3129 432 3188 tenui
456 3125 557 3211 bysso
583 3143 750 3208 cooeoque
777 3131 935 3207 ostroque
961 3129 1098 3186 cruento

218 3219 444 3305 Caeruleoque
470 3228 591 3288 minans
614 3220 808 3305 hyacintho,
835 3219 1025 3285 ardentibus
1051 3223 1160 3302 aptum

219 3315 390 3382 Sideribus
417 3319 561 3400 eoelum,
589 3328 695 3383 terras
721 3339 759 3382 ae
786 3317 919 3382 eaerula
945 3321 1056 3400 ponti,

219 3413 261 3478 llt
286 3411 398 3498 liquidi
422 3415 569 3481 flammas
595 3420 682 3504 ignis
708 3415 877 3480 referebat
903 3423 937 3480 et
963 3417 1048 3477 omni

217 3511 379 3576 lntextum
404 3519 520 3598 speeie
545 3513 660 3578 florum
686 3511 934 3598 cherubimque
955 3510 1122 3576 videntum
1154 3565 1159 3578 ,

217 3609 355 3674 Lumina
380 3618 414 3674 et
439 3613 561 3698 ingenti
588 3607 738 3696 rapiebat
763 3609 860 3674 eorda
886 3617 1035 3694 stupore

218 3706 284 3771 Per
308 3708 448 3773 medium
473 3729 492 3773 a
514 3729 641 3772 summo
667 3705 819 3771 soindens
845 3706 985 3791 disrupit
1009 3706 1051 3772 ad
1076 3711 1184 3770 imum.

219 3802 304 3869 Quin
332 3813 429 3870 etiam
456 3806 564 3872 fertum
589 3811 694 3869 niveis
719 3811 883 3892 argentea
906 3809 1023 3890 pennis

218 3899 268 3966 Ex
294 3901 401 3987 adytis
427 3911 503 3968 aute
528 3923 587 3968 ora
611 3908 715 3968 virum
741 3902 885 3988 fugisse.
899 3901 1060 3966 nolumbu.

218 3995 402 4066 Praeterea
427 4002 560 4089 auditae
586 4020 687 4066 voees
713 4019 771 4088 per
798 4005 895 4065 inane
923 4003 1118 4086 migrantum
