3060 4752
678 223 922 282 caarsaunos

254 410 460 482 incremento
486 415 621 493 auctus,
648 431 710 476 uon
736 412 958 498 exuperabilis
984 412 1091 478 arder.

255 506 385 571 Interea
411 527 578 594 exangues
604 511 749 572 animaru
768 509 895 576 diffudit
918 516 950 575 in
977 518 1067 575 artus

230 604 488 689 enuncians,
514 605 735 691 membrisque
762 606 864 672 decus
890 615 1052 694 vitamque
1077 607 1221 693 sepultis

254 700 418 766 Reddidit.
472 702 656 790 Aufugiunt
677 704 791 769 subito
816 705 974 790 palorque
1000 705 1160 792 geluque,

256 798 297 862 Et
322 799 517 883 murtisfjus
543 819 635 864 omne
662 808 758 885 parit.
810 804 930 867 Nativa
956 807 1097 867 recurrit

255 897 406 980 Purpura
431 917 490 984 per
515 918 615 962 venas
643 908 676 963 ei
701 905 774 963 viva
800 907 933 965 murice·
949 899 1094 964 membra

255 994 384 1059 imbuit.
437 993 632 1060 Ambrosiae
657 1003 769 1062 succis
795 1007 829 1061 et
855 1007 985 1062 tractare
1010 1003 1144 1064 tinctum

256 1091 421 1157 Aeternae
448 1112 567 1176 corpus
591 1094 725 1158 'dotatur
751 1096 876 1159 bonore
897 1094 1073 1178 juventae,
1099 1108 1104 1156 ¹,

255 1187 298 1254 Ut
324 1209 429 1274 neque
454 1191 639 1254 morborum
667 1196 717 1256 vis
744 1192 920 1274 insidiosa,
949 1213 1008 1258 nec
1033 1211 1135 1256 aurae

254 1286 421 1352 Hibernae
446 1291 555 1374 rigor,
582 1295 730 1354 aestivae
758 1289 848 1352 calor
870 1288 983 1353 ullave
1013 1294 1103 1354 veris

255 1382 473 1470 Autumnique
500 1390 716 1450 inconstantis
743 1386 903 1451 violentia
927 1390 1036 1469 possit

255 1480 401 1546 Securas
426 1488 553 1546 animae
580 1482 690 1547 furtim
717 1491 844 1548 tentare
871 1483 1035 1564 latebras,

255 1578 328 1643 Nec
353 1601 548 1665 quoeunque
574 1580 690 1647 furens
717 1601 876 1668 praeceps
902 1580 1037 1644 audacia
1061 1579 1145 1644 telo.

255 1676 352 1740 Clara
377 1687 484 1742 tamen
511 1676 580 1741 duri
609 1686 722 1742 servat
746 1683 889 1767 vestigia
917 1677 1001 1757 lathi

256 1773 494 1861 Clevorumqne
521 1779 697 1840 cicatrices
723 1770 907 1860 hastaeque
934 1781 1072 1840 cruenta

254 1873 404 1936 Divisum
430 1892 585 1937 mucrone
610 1871 716 1954 latus,
743 1894 808 1958 quo
834 1871 967 1938 tolleret
993 1891 1123 1936 omnem

253 1968 481 2053 Exploraturis
508 1969 677 2036 dubitandi
705 1970 851 2036 funditus
878 1975 989 2036 ansam

254 2065 454 2151 Discipulis‚
481 2066 633 2152 laesique
659 2068 767 2134 oculis
793 2068 948 2153 subjecta
973 2069 1119 2150 parantis

255 2161 402 2227 Vulnera
425 2162 604 2228 terribilem
629 2164 772 2230 lenirent
797 2166 938 2230 vindicis
964 2169 1056 2228 iram.

256 2259 322 2326 Sed
348 2260 429 2324 nihil
456 2267 615 2350 egregiae
640 2272 821 2328 temeratur
846 2263 956 2349 gloria
979 2261 1104 2326 turmae

254 2357 430 2445 Plagarum
457 2359 603 2442 indiciis;
629 2369 709 2444 quot
735 2365 819 2424 anim
845 2371 878 2422 te
905 2356 1042 2424 vnlnere
1068 2357 1229 2441 pandunt,

256 2453 376 2519 Sidera
398 2461 447 2519 tot
474 2475 573 2518 rosen
598 2455 727 2544 fulgent
754 2461 881 2519 variata
907 2454 1041 2518 rubore.
1075 2483 1079 2490 *

255 2551 482 2637 Temporaqne
509 2551 618 2616 infixis
644 2551 706 2634 jam
734 2551 855 2636 pridem
883 2551 1048 2616 horrentia
1073 2557 1178 2637 spinis

257 2644 460 2716 Gnossiucae
487 2659 645 2733 superant
669 2649 761 2716 sidus
787 2648 908 2714 crinale
934 2669 1089 2715 curonae.

354 2841 484 2931 Excipit
509 2846 592 2911 bane
617 2846 724 2911 dotem
751 2845 811 2910 dos
839 2846 965 2926 altera,
994 2849 1076 2909 mira
1101 2845 1207 2908 beati-

256 2941 432 3028 Ccrporis‚
458 2943 592 3009 alituum
619 2949 735 3028 pennis
761 2952 794 3008 at
820 2942 964 3008 fulminis
992 2940 1055 3004 alis

256 3039 366 3122 Ocyor
391 3049 424 3104 et
449 3041 562 3128 rapido
589 3041 720 3128 fugitivi
747 3045 905 3125 ternporis
932 3037 1032 3120 orbe,

255 3135 436 3202 Mobilitas.
489 3139 606 3225 Neque
633 3145 719 3202 enim
746 3135 948 3204 moribundis
973 3136 1108 3201 artubus
1135 3135 1212 3200 clim

255 3233 399 3299 lunatum
429 3237 555 3320 pondus
580 3237 725 3300 membra
750 3232 943 3297 immortalia
969 3231 1092 3314 tardat,

256 3329 323 3394 Sed
351 3333 455 3398 veluti
482 3333 566 3398 eceli
594 3331 748 3396 volucres
774 3350 834 3417 per
861 3334 957 3393 inane
983 3339 1136 3396 natantes

255 3426 330 3491 Nou
357 3437 477 3515 premit
504 3430 626 3494 alarum
654 3427 798 3514 pondus,
824 3425 883 3489 sad
910 3426 999 3492 tollit
1024 3432 1055 3490 in
1083 3448 1184 3492 auras

256 3523 299 3589 Et
325 3525 430 3591 celeri
454 3537 585 3592 tranare
612 3525 693 3590 facit
718 3523 873 3610 liquidum
899 3526 1038 3590 aetlrera
1063 3546 1181 3590 cursu:

257 3620 313 3685 Sic
336 3620 435 3704 adeo,
463 3630 491 3687 si
519 3621 713 3705 corporibus
740 3621 893 3686 felicibus
919 3621 1020 3688 ullum

258 3717 389 3783 Pondus
417 3726 520 3802 inest,
547 3725 644 3783 animi
672 3724 810 3805 imperio
838 3727 984 3804 nutuque
1008 3721 1154 3806 regentis

259 3815 450 3900 Accelerat,
478 3838 542 3881 non
569 3821 661 3881 sistit
686 3823 759 3882 lter.
810 3815 979 3901 Facilique
1004 3815 1122 3880 beatus

258 3913 323 3977 Per
351 3934 494 3978 summas
521 3922 675 4001 segetum
701 3915 813 4000 planta
838 3913 992 3976 decurret
1019 3918 1158 3992 aristas,

260 4010 333 4074 Nec
357 4011 501 4099 graciles
528 4011 659 4077 laedent
685 4033 783 4076 cursu
810 4013 953 4096 vestigia
980 4008 1125 4091 culm0s3

260 4106 383 4192 Carpat
407 4115 472 4176 iter
496 4110 592 4176 medii
618 4128 677 4194 per
699 4129 838 4195 spumea
861 4105 1001 4172 caerula
1019 4111 1109 4194 panti
