3060 4752
316 1251 530 1458 Lllillll
565 1249 890 1456 Duellius
928 1343 1297 1464 QUARTUS.

355 1782 488 1866 Tertio
515 1794 695 1860 nimbosum
722 1797 822 1858 terris
848 1793 1031 1878 producere
1057 1813 1186 1862 currum

258 1890 386 1954 Aurora
412 1899 446 1956 et
470 1911 586 1975 purum
613 1892 741 1957 nebulis
767 1899 965 1976 praetexere
990 1891 1118 1956 coelum

257 1988 421 2074 Coeperat
445 1991 616 2071 exoriens,
644 2011 715 2056 oum
740 1993 918 2054 matutinus
944 1995 1075 2053 euntem

255 2085 410 2167 Lucifer,
435 2091 555 2152 eximia
581 2088 741 2153 radiorum
766 2087 843 2151 luoe
868 2103 1063 2152 coruscans.

255 2182 299 2246 Et
324 2181 461 2248 Phoebo
487 2192 656 2271 proprior,
684 2189 818 2250 reuocat
843 2183 1028 2267 dominique
1052 2183 1265 2267 triumphum,

119 2341 122 2346 .
254 2279 431 2345 Debellatn
456 2281 585 2366 Erebo,
613 2303 767 2368 superum
794 2280 965 2346 redeuntis
992 2286 1023 2343 in
1052 2281 1162 2345 orbem

255 2377 408 2442 Nunciet.
459 2378 522 2442 llla
541 2378 625 2466 jugo
653 2379 780 2442 nimbos
805 2378 1019 2462 hyememque
1046 2383 1207 2442 minantes

256 2473 364 2539 Solvit
388 2495 492 2558 equos
518 2495 699 2561 roseusque
725 2474 817 2540 iores
841 2483 876 2538 et
896 2473 1013 2538 floride
1037 2476 1149 2558 pendit

256 2569 358 2634 Atria.
409 2571 555 2637 Puniceo
583 2573 736 2637 diffusum
763 2577 885 2637 murice
910 2571 1039 2636 eoelum

255 2669 360 2732 Omne
387 2668 500 2754 rubet,
529 2669 677 2735 tremulis
705 2669 867 2735 radiorum
893 2669 1000 2734 vlhrat
1025 2675 1057 2733 ln
1082 2668 1180 2736 ‘undis

255 2765 403 2850 Purpura
427 2774 460 2831 et
487 2777 601 2833 aurato
626 2768 757 2834 lascivit
783 2773 814 2832 in
840 2787 986 2855 aequore
1012 2765 1148 2831 flemma.

353 2961 532 3028 Fortunata
557 2962 646 3029 dies!
673 2963 781 3027 Pariis
807 2961 967 3049 signanda
992 2960 1132 3044 lapillis,

258 3057 402 3124 heterno
427 3069 537 3125 terrae
563 3060 682 3145 plausu
709 3059 860 3144 coelique
886 3079 945 3142 per
972 3078 1086 3123 omnes

257 3155 390 3221 Aetates
419 3156 630 3238 celebranda,
658 3158 777 3242 quibus
803 3166 836 3221 te
863 3155 1011 3220 laudibus
1038 3155 1191 3240 aequem!

256 3253 330 3317 (luo
359 3259 442 3318 satis
468 3275 525 3320 ore
551 3255 680 3319 uenam!
706 3255 763 3318 tibi
790 3262 886 3318 vasta
910 3250 1120 3338 decemplicis
1145 3252 1234 3316 orbis

255 3348 410 3415 Machina
434 3358 625 3438 principium
652 3350 761 3417 dehet.
818 3351 868 3415 Tu
893 3349 1047 3414 fluctibus
1075 3349 1186 3415 hauris
1303 3379 1304 3387 ι

255 3445 405 3510 Niliacus
432 3456 522 3514 acies
547 3459 715 3536 tutamque
740 3471 801 3534 per
825 3467 969 3532 aequore
992 3448 1085 3512 ducis

255 3540 415 3606 leucidum
443 3551 575 3630 stirpem
602 3568 728 3633 perque
755 3551 843 3610 invia
867 3543 972 3609 lustra
997 3549 1129 3631 vaganti

255 3637 461 3704 Ambrosiam
486 3641 617 3727 liquidis
643 3644 783 3709 effundis
809 3641 949 3708 nubibus
976 3662 1096 3707 escam.

255 3737 303 3800 Te
327 3735 436 3800 radios
463 3749 650 3823 promente,
678 3741 790 3806 Sluaei
817 3746 848 3804 in
875 3745 1000 3804 vertice
1027 3744 1144 3802 montis

255 3834 377 3921 lgneus
403 3841 565 3898 astrorum
586 3823 740 3901 dominus
767 3837 962 3902 manifestus
988 3835 1038 3898 ab'
1055 3834 1124 3899 alto

255 3930 401 3997 hethere
427 3931 597 3996 descendit
622 3931 797 4020 legemque
822 3941 858 3996 et
882 3930 1017 3996 foedera
1042 3936 1159 3996 sanxit.

255 4026 367 4094 Aurea
391 4028 464 4095 lux!
491 4051 556 4117 que
582 4029 739 4095 Chaldaei
765 4030 898 4095 feritate
924 4034 1049 4114 tyranni

256 4122 415 4192 Eversum
441 4126 537 4198 deso
563 4127 716 4217 temp-lum
743 4135 920 4193 renovante
946 4131 1109 4214 resurgit,
