3060 4752
593 287 596 294 ,
646 219 888 276 crursrnoos
940 261 943 264 .

214 405 283 472 Vos
310 426 464 494 superum
494 406 614 470 chorus
641 404 797 470 aetherea
820 410 963 471 statione
991 404 1106 471 relicta

216 503 330 571 Incolit
354 515 387 568 et
409 503 496 568 festo
522 504 639 591 plausu
665 503 863 588 choreisque
886 513 1020 569 coronat

214 601 402 685 lnrmennor',
428 603 512 683 heu,
540 605 653 667 matris
679 600 830 666 desertae
854 611 889 667 et
915 607 1052 690 virginis
1080 603 1190 668 orbae.

214 701 303 768 (auid
330 720 471 785 superos
495 700 710 784 hominesque
735 706 812 764 tuae
838 706 945 764 tameo
970 721 1075 788 arguo
1102 703 1241 766 mortis?

215 801 264 865 Tu
287 803 403 865 mortis
429 797 487 862 tibi
515 817 617 862 causa
638 807 731 878 tuae,
758 805 794 862 tu
820 805 894 862 nate
922 797 1047 862 doloris

217 898 325 963 Causa
350 899 434 980 mei3
459 915 548 958 mors
574 898 648 980 ipsa
672 894 730 960 tihi
756 915 873 978 parere
901 903 1013 962 coacta
1039 906 1101 960 est.

215 993 310 1060 Unde
335 993 530 1058 hiemantis
555 994 670 1062 amor?
697 1011 781 1078 quae
807 1001 922 1059 sancta
948 998 1076 1059 insania
1102 1001 1203 1060 amori

215 1094 344 1179 Ingenti
370 1095 514 1170 sociata,
540 1095 587 1154 rei
614 1112 679 1178 quo
706 1095 844 1178 pignora
868 1090 991 1157 Adami

215 1191 452 1272 Prosequeris,
479 1194 512 1253 te
539 1189 603 1252 hue
628 1188 727 1253 traxit
755 1189 911 1270 [amantis
936 1208 1036 1276 parce
1064 1189 1191 1271 dolori,

217 1287 254 1352 Si
281 1294 384 1350 metas
411 1287 559 1364 nescitJP
593 1285 734 1352 Nimium
762 1285 801 1350 de
827 1294 925 1373 patre
951 1285 1057 1352 tulisti

216 1383 323 1470 Atque
349 1384 470 1450 infelici
498 1384 595 1466 nihil,
621 1385 702 1467 heu,
729 1384 769 1448 de
794 1393 912 1466 matre,
940 1388 1001 1448 nisi
1028 1382 1117 1449 illanr

216 1480 360 1547 Pendere
387 1504 480 1568 quarn
509 1503 648 1566 posses,
677 1503 771 1567 quam
799 1482 902 1547 velles
929 1481 1068 1569 perdere
1094 1489 1203 1548 vitam.
1318 1539 1322 1548 .

216 1581 244 1645 0
271 1600 343 1644 mea
369 1601 444 1644 sors
471 1580 607 1664 reliquis
633 1584 747 1666 ignota
773 1579 980 1664 parentibus!
1006 1578 1085 1643 illae

214 1678 250 1743 ln
276 1677 361 1742 lucis
387 1698 481 1764 spem
507 1677 691 1764 longaevae
715 1699 777 1742 sua
802 1684 940 1765 pignora
966 1676 1121 1760 funduutq

216 1775 279 1839 Ast
304 1796 367 1861 ego
394 1780 425 1837 in
454 1781 587 1840 exitium
614 1781 738 1838 eertum
765 1780 998 1859 immaturaque
1023 1773 1093 1838 fata

215 1874 263 1938 Te
289 1876 421 1957 peperi3
449 1891 555 1957 neque
581 1877 667 1935 enirn
693 1871 877 1954 voluisses,
905 1872 959 1936 hei
987 1873 1081 1954 mihi,
1109 1879 1219 1953 nasci,

216 1971 260 2035 Ni
285 1971 345 2034 tibi
371 1978 461 2034 certa
486 1975 569 2034 mori
597 1969 772 2053 sententia,
800 1978 894 2052 irate,
921 1974 1084 2034 stetisset.

216 2068 361 2134 Herodis
386 2067 512 2132 frustra
537 2067 689 2132 invidiam
715 2066 1146 2153 procerumque'timebarnq

217 2168 267 2231 Tu
291 2166 387 2248 milri,
413 2175 449 2230 tu
475 2166 668 2230 metuendus
695 2186 790 2247 erae,
816 2187 1019 2251 corpusque,
1047 2163 1133 2250 quod
1159 2168 1233 2250 ipsa

216 2264 377 2329 Nascenti
404 2263 541 2328 mortale
567 2263 652 2328 dedi.
705 2263 787 2327 Turn
813 2269 960 2348 pectoris
986 2268 1106 2351 ingens

216 2361 399 2446 inspiciens
425 2359 559 2442 vulnus,
586 2361 748 2444 divisique
774 2365 887 2424 intima
913 2359 1040 2424 cordis:

315 2557 343 2621 0
370 2575 434 2642 ego
462 2561 514 2618 ter
539 2553 636 2637 felix,
663 2559 786 2638 inquit,
814 2558 1012 2638 nimiumque
1037 2553 1155 2619 beata!

218 2653 255 2719 Si
281 2672 353 2717 mea
378 2658 407 2716 si
434 2659 557 2716 tanturn
582 2659 795 2737 penetrasset
821 2656 962 2734 viscera,
989 2659 1083 2732 nate,

216 2749 277 2816 llla
302 2759 390 2814 tuum
418 2755 527 2815 secuit
553 2773 638 2839 quae
665 2752 752 2816 ferro
778 2749 895 2815 lancea
920 2758 1036 2837 pectus

217 2849 259 2914 Et
285 2856 436 2915 comitem
462 2850 520 2914 tibi
548 2850 666 2916 felices
693 2853 840 2914 misisset
865 2849 906 2914 ad
931 2849 1073 2913 umbras.

216 2949 370 3013 Peccasti
397 2949 526 3030 infelix,
556 2954 700 3035 peccasti
728 2947 861 3012 lancea!
888 2953 953 3012 nati

217 3047 384 3112 Exanimis
409 3047 483 3110 dum
509 3045 655 3110 membra
680 3067 778 3110 secas
801 3050 974 3130 parcisque
1002 3049 1158 3128 parenti.-

218 3144 357 3210 Saevius
383 3144 464 3208 heu!
491 3148 646 3207 miserem
672 3150 820 3229 parcenti
848 3141 981 3224 cuspide
1010 3140 1140 3224 perdis,

217 3243 301 3306 Dum
330 3263 381 3306 me
406 3239 536 3323 trajecti
562 3248 735 3324 penetrans
761 3259 820 3322 per
845 3243 975 3303 viscera
1000 3242 1067 3302 nati

218 3339 401 3424 Transfigis
427 3345 583 3422 tantoque
611 3357 717 3424 negas
744 3343 775 3400 in
800 3334 937 3400 vulnere
963 3343 1109 3400 mortem.

218 3434 247 3498 0
275 3437 365 3499 irate!
392 3456 412 3497 o
439 3435 559 3498 charae
586 3434 695 3498 luctus
722 3439 901 3520 genetricis
926 3435 1098 3518 amorque!

219 3529 307 3595 (luid
333 3540 399 3612 tua,
427 3530 503 3614 quid
532 3533 655 3615 placuit
680 3538 832 3596 comitem
859 3551 909 3595 rne
936 3531 975 3595 ad
1002 3529 1139 3594 vulnera
1163 3528 1270 3616 jungi,

219 3626 304 3693 (luirl
331 3645 454 3712 poenas
480 3637 690 3715 gemitusque
717 3636 790 3693 tuos
817 3628 994 3714 clavosque
1020 3647 1216 3712 crucemque

197 3724 365 3812 lividis,
393 3732 590 3812 optataeque
616 3746 720 3813 negas
746 3732 913 3790 consortia
941 3726 1082 3792 mortis?

316 3917 415 3985 Talea
441 3924 537 4006 virgo
562 3926 617 4004 pio
643 3919 814 4003 repetebat
838 3925 973 4004 pectore
1000 3927 1150 4004 questus.

219 4016 263 4081 At
289 4018 504 4084 circumfusas
529 4017 594 4083 alla
619 4024 649 4083 in
676 4017 818 4083 lamenta
844 4016 1004 4082 sodales

218 4112 324 4200 Urget
346 4135 453 4200 arnor,
479 4117 585 4183 iraeui
610 4122 800 4204 impatiens,
824 4135 1051 4203 percussuque
1074 4114 1164 4180 duris
