<?xml version="1.0" encoding="UTF-8"?>
<!DOCTYPE html PUBLIC "-//W3C//DTD XHTML 1.0 Transitional//EN"
    "http://www.w3.org/TR/xhtml1/DTD/xhtml1-transitional.dtd">
<html xmlns="http://www.w3.org/1999/xhtml" xml:lang="en" lang="en">
 <head>
  <title>
</title>
<meta http-equiv="Content-Type" content="text/html;charset=utf-8" />
  <meta name='ocr-system' content='tesseract 3.04.00' />
  <meta name='ocr-capabilities' content='ocr_page ocr_carea ocr_par ocr_line ocrx_word'/>
</head>
<body>
  <div class='ocr_page' id='page_1' title='image "./christiadoslibr00waltgoog_0267.png"; bbox 0 0 3060 4752; ppageno 0'>
   <div class='ocr_carea' id='block_1_1' title="bbox 139 243 211 310">
    <p class='ocr_par' dir='ltr' id='par_1_1' title="bbox 139 243 211 310">
     <span class='ocr_line' id='line_1_1' title="bbox 139 243 211 310; baseline 0 0"><span class='ocrx_word' id='word_1_1' title='bbox 139 243 211 310; x_wconf 67' lang='grc' dir='ltr'><strong>ΜΛ</strong></span> 
     </span>
    </p>
   </div>
   <div class='ocr_carea' id='block_1_2' title="bbox 650 233 891 286">
    <p class='ocr_par' dir='ltr' id='par_1_2' title="bbox 650 233 891 286">
     <span class='ocr_line' id='line_1_2' title="bbox 650 233 891 286; baseline 0 0"><span class='ocrx_word' id='word_1_2' title='bbox 650 233 891 286; x_wconf 77' lang='lat' dir='ltr'><strong>caaisrmnos</strong></span> 
     </span>
    </p>
   </div>
   <div class='ocr_carea' id='block_1_3' title="bbox 229 417 1211 800">
    <p class='ocr_par' dir='ltr' id='par_1_3' title="bbox 229 417 1211 800">
     <span class='ocr_line' id='line_1_3' title="bbox 231 417 1149 506; baseline -0.003 -21"><span class='ocrx_word' id='word_1_3' title='bbox 231 419 298 485; x_wconf 88' lang='lat' dir='ltr'><strong>Sed</strong></span> <span class='ocrx_word' id='word_1_4' title='bbox 327 439 477 506; x_wconf 88' lang='lat' dir='ltr'><strong>magnum</strong></span> <span class='ocrx_word' id='word_1_5' title='bbox 504 424 617 505; x_wconf 90' lang='lat' dir='ltr'><strong>potius</strong></span> <span class='ocrx_word' id='word_1_6' title='bbox 644 417 809 482; x_wconf 89' lang='lat' dir='ltr'><strong>moriendo</strong></span> <span class='ocrx_word' id='word_1_7' title='bbox 836 417 980 506; x_wconf 87' lang='lat' dir='ltr'><strong>paudere</strong></span> <span class='ocrx_word' id='word_1_8' title='bbox 1007 437 1149 483; x_wconf 88' lang='lat' dir='ltr'><strong>amorem</strong></span> 
     </span>
     <span class='ocr_line' id='line_1_4' title="bbox 229 503 1211 602; baseline -0.005 -20"><span class='ocrx_word' id='word_1_9' title='bbox 229 517 464 602; x_wconf 88' lang='lat' dir='ltr'><strong>Exemplisque</strong></span> <span class='ocrx_word' id='word_1_10' title='bbox 491 516 577 581; x_wconf 87' lang='lat' dir='ltr'><strong>datis</strong></span> <span class='ocrx_word' id='word_1_11' title='bbox 603 521 733 582; x_wconf 88' lang='lat' dir='ltr'><strong>virtutis</strong></span> <span class='ocrx_word' id='word_1_12' title='bbox 759 521 789 580; x_wconf 95' lang='lat' dir='ltr'><strong>in</strong></span> <span class='ocrx_word' id='word_1_13' title='bbox 819 509 921 581; x_wconf 87' lang='lat' dir='ltr'><strong>ardua</strong></span> <span class='ocrx_word' id='word_1_14' title='bbox 946 524 1074 581; x_wconf 89' lang='lat' dir='ltr'><strong>mentes</strong></span> <span class='ocrx_word' id='word_1_15' title='bbox 1181 503 1211 556; x_wconf 75' lang='grc'><strong>-’</strong></span> 
     </span>
     <span class='ocr_line' id='line_1_5' title="bbox 230 612 1202 704; baseline -0.004 -24"><span class='ocrx_word' id='word_1_16' title='bbox 230 617 360 704; x_wconf 81' lang='lat' dir='ltr'>Cogere</span> <span class='ocrx_word' id='word_1_17' title='bbox 386 621 640 700; x_wconf 76' lang='lat' dir='ltr'><strong>praeceptisque</strong></span> <span class='ocrx_word' id='word_1_18' title='bbox 664 619 788 680; x_wconf 88' lang='lat' dir='ltr'><strong>animos</strong></span> <span class='ocrx_word' id='word_1_19' title='bbox 814 612 993 678; x_wconf 74' lang='lat' dir='ltr'><strong>accendere</strong></span> <span class='ocrx_word' id='word_1_20' title='bbox 1018 619 1125 678; x_wconf 90' lang='lat' dir='ltr'><strong>visum</strong></span> <span class='ocrx_word' id='word_1_21' title='bbox 1148 621 1202 684; x_wconf 83' lang='lat' dir='ltr'><strong>est</strong></span> 
     </span>
     <span class='ocr_line' id='line_1_6' title="bbox 229 711 1134 800; baseline -0.006 -21"><span class='ocrx_word' id='word_1_22' title='bbox 229 713 473 798; x_wconf 84' lang='lat' dir='ltr'><strong>Difficilemque</strong></span> <span class='ocrx_word' id='word_1_23' title='bbox 497 719 583 777; x_wconf 86' lang='lat' dir='ltr'><strong>viam</strong></span> <span class='ocrx_word' id='word_1_24' title='bbox 610 712 758 777; x_wconf 76' lang='lat' dir='ltr'><strong>obicibus</strong></span> <span class='ocrx_word' id='word_1_25' title='bbox 783 711 989 800; x_wconf 79' lang='lat' dir='ltr'><strong>perfringere</strong></span> <span class='ocrx_word' id='word_1_26' title='bbox 1016 717 1134 796; x_wconf 88' lang='lat' dir='ltr'><strong>ruptis.</strong></span> 
     </span>
    </p>
   </div>
   <div class='ocr_carea' id='block_1_4' title="bbox 226 905 1205 1190">
    <p class='ocr_par' dir='ltr' id='par_1_4' title="bbox 226 905 1205 1190">
     <span class='ocr_line' id='line_1_7' title="bbox 324 905 1205 994; baseline -0.002 -23"><span class='ocrx_word' id='word_1_27' title='bbox 324 907 415 971; x_wconf 89' lang='lat' dir='ltr'><strong>Haec</strong></span> <span class='ocrx_word' id='word_1_28' title='bbox 438 905 542 987; x_wconf 79' lang='lat' dir='ltr'><strong>fatua,</strong></span> <span class='ocrx_word' id='word_1_29' title='bbox 570 913 640 970; x_wconf 91' lang='lat' dir='ltr'><strong>toto</strong></span> <span class='ocrx_word' id='word_1_30' title='bbox 667 905 846 972; x_wconf 81' lang='lat' dir='ltr'><strong>Micbaiilis</strong></span> <span class='ocrx_word' id='word_1_31' title='bbox 867 926 913 970; x_wconf 74' lang='lat' dir='ltr'><strong>‘ex</strong></span> <span class='ocrx_word' id='word_1_32' title='bbox 939 911 1071 994; x_wconf 86' lang='lat' dir='ltr'><strong>agmine</strong></span> <span class='ocrx_word' id='word_1_33' title='bbox 1098 906 1205 971; x_wconf 88' lang='lat' dir='ltr'><strong>divum</strong></span> 
     </span>
     <span class='ocr_line' id='line_1_8' title="bbox 226 1003 1136 1091; baseline -0.004 -21"><span class='ocrx_word' id='word_1_34' title='bbox 226 1006 259 1070; x_wconf 96' lang='lat' dir='ltr'><strong>ln</strong></span> <span class='ocrx_word' id='word_1_35' title='bbox 288 1005 427 1069; x_wconf 90' lang='lat' dir='ltr'><strong>medium</strong></span> <span class='ocrx_word' id='word_1_36' title='bbox 453 1013 549 1068; x_wconf 88' lang='lat' dir='ltr'><strong>vocat</strong></span> <span class='ocrx_word' id='word_1_37' title='bbox 572 1012 607 1068; x_wconf 90' lang='lat' dir='ltr'><strong>et</strong></span> <span class='ocrx_word' id='word_1_38' title='bbox 632 1005 727 1070; x_wconf 91' lang='lat' dir='ltr'><strong>dictis</strong></span> <span class='ocrx_word' id='word_1_39' title='bbox 757 1005 841 1070; x_wconf 87' lang='lat' dir='ltr'><strong>baeu</strong></span> <span class='ocrx_word' id='word_1_40' title='bbox 866 1009 1003 1091; x_wconf 87' lang='lat' dir='ltr'><strong>insuper</strong></span> <span class='ocrx_word' id='word_1_41' title='bbox 1029 1003 1136 1069; x_wconf 85' lang='lat' dir='ltr'><strong>addit:</strong></span> 
     </span>
     <span class='ocr_line' id='line_1_9' title="bbox 227 1101 1123 1190; baseline -0.002 -22"><span class='ocrx_word' id='word_1_42' title='bbox 227 1103 351 1190; x_wconf 84' lang='lat' dir='ltr'><strong>Magne</strong></span> <span class='ocrx_word' id='word_1_43' title='bbox 377 1101 477 1184; x_wconf 81' lang='lat' dir='ltr'><strong>Ales,</strong></span> <span class='ocrx_word' id='word_1_44' title='bbox 505 1102 569 1168; x_wconf 89' lang='lat' dir='ltr'><strong>dux</strong></span> <span class='ocrx_word' id='word_1_45' title='bbox 594 1103 744 1168; x_wconf 86' lang='lat' dir='ltr'><strong>sidereae</strong></span> <span class='ocrx_word' id='word_1_46' title='bbox 772 1102 954 1167; x_wconf 78' lang='lat' dir='ltr'><strong>fortissime</strong></span> <span class='ocrx_word' id='word_1_47' title='bbox 981 1109 1123 1183; x_wconf 75' lang='lat' dir='ltr'><strong>turmae,</strong></span> 
     </span>
    </p>
   </div>
   <div class='ocr_carea' id='block_1_5' title="bbox 222 1198 1258 4192">
    <p class='ocr_par' dir='ltr' id='par_1_5' title="bbox 227 1198 963 1287">
     <span class='ocr_line' id='line_1_10' title="bbox 227 1198 963 1287; baseline -0.001 -22"><span class='ocrx_word' id='word_1_48' title='bbox 227 1201 332 1266; x_wconf 76' lang='lat' dir='ltr'><strong>(luem</strong></span> <span class='ocrx_word' id='word_1_49' title='bbox 358 1199 516 1264; x_wconf 87' lang='lat' dir='ltr'><strong>debellati</strong></span> <span class='ocrx_word' id='word_1_50' title='bbox 542 1198 716 1266; x_wconf 88' lang='lat' dir='ltr'><strong>sublimem</strong></span> <span class='ocrx_word' id='word_1_51' title='bbox 743 1199 851 1287; x_wconf 88' lang='lat' dir='ltr'><strong>gloria</strong></span> <span class='ocrx_word' id='word_1_52' title='bbox 877 1200 963 1264; x_wconf 88' lang='lat' dir='ltr'><strong>Ditis</strong></span> 
     </span>
    </p>

    <p class='ocr_par' dir='ltr' id='par_1_6' title="bbox 225 1285 1258 2264">
     <span class='ocr_line' id='line_1_11' title="bbox 226 1285 1176 1381; baseline -0.002 -19"><span class='ocrx_word' id='word_1_53' title='bbox 226 1297 350 1362; x_wconf 83' lang='lat' dir='ltr'><strong>Extulit</strong></span> <span class='ocrx_word' id='word_1_54' title='bbox 376 1305 452 1361; x_wconf 89' lang='lat' dir='ltr'><strong>ante</strong></span> <span class='ocrx_word' id='word_1_55' title='bbox 479 1299 562 1362; x_wconf 88' lang='lat' dir='ltr'><strong>alios</strong></span> <span class='ocrx_word' id='word_1_56' title='bbox 589 1299 716 1381; x_wconf 89' lang='lat' dir='ltr'><strong>palmae</strong></span> <span class='ocrx_word' id='word_1_57' title='bbox 742 1303 888 1362; x_wconf 87' lang='lat' dir='ltr'><strong>victricis</strong></span> <span class='ocrx_word' id='word_1_58' title='bbox 914 1299 1059 1376; x_wconf 82' lang='lat' dir='ltr'><strong>honore,</strong></span> <span class='ocrx_word' id='word_1_59' title='bbox 1170 1285 1176 1296; x_wconf 58' lang='grc'><strong>”</strong></span> 
     </span>
     <span class='ocr_line' id='line_1_12' title="bbox 227 1394 1093 1482; baseline -0.005 -22"><span class='ocrx_word' id='word_1_60' title='bbox 227 1397 342 1460; x_wconf 87' lang='lat' dir='ltr'><strong>Cernis</strong></span> <span class='ocrx_word' id='word_1_61' title='bbox 366 1402 402 1458; x_wconf 90' lang='lat' dir='ltr'><strong>ut</strong></span> <span class='ocrx_word' id='word_1_62' title='bbox 426 1394 585 1460; x_wconf 88' lang='lat' dir='ltr'><strong>lsaeidum</strong></span> <span class='ocrx_word' id='word_1_63' title='bbox 612 1401 744 1480; x_wconf 87' lang='lat' dir='ltr'><strong>superis</strong></span> <span class='ocrx_word' id='word_1_64' title='bbox 772 1401 902 1482; x_wconf 86' lang='lat' dir='ltr'><strong>ingrata</strong></span> <span class='ocrx_word' id='word_1_65' title='bbox 927 1415 1093 1481; x_wconf 79' lang='lat' dir='ltr'><strong>propago,</strong></span> 
     </span>
     <span class='ocr_line' id='line_1_13' title="bbox 227 1491 1078 1580; baseline -0.001 -24"><span class='ocrx_word' id='word_1_66' title='bbox 227 1493 303 1571; x_wconf 88' lang='lat' dir='ltr'><strong>(Cui</strong></span> <span class='ocrx_word' id='word_1_67' title='bbox 333 1501 367 1555; x_wconf 91' lang='lat' dir='ltr'><strong>te</strong></span> <span class='ocrx_word' id='word_1_68' title='bbox 393 1492 571 1558; x_wconf 85' lang='lat' dir='ltr'><strong>Tartareas</strong></span> <span class='ocrx_word' id='word_1_69' title='bbox 598 1502 712 1559; x_wconf 88' lang='lat' dir='ltr'><strong>eontra</strong></span> <span class='ocrx_word' id='word_1_70' title='bbox 736 1499 890 1580; x_wconf 88' lang='lat' dir='ltr'><strong>viresque</strong></span> <span class='ocrx_word' id='word_1_71' title='bbox 916 1491 1078 1578; x_wconf 82' lang='lat' dir='ltr'><strong>dolosque</strong></span> 
     </span>
     <span class='ocr_line' id='line_1_14' title="bbox 227 1591 1065 1676; baseline -0.004 -22"><span class='ocrx_word' id='word_1_72' title='bbox 227 1591 508 1676; x_wconf 87' lang='lat' dir='ltr'><strong>Propugnatorem</strong></span> <span class='ocrx_word' id='word_1_73' title='bbox 536 1591 699 1666; x_wconf 84' lang='lat' dir='ltr'><strong>dedimus)</strong></span> <span class='ocrx_word' id='word_1_74' title='bbox 726 1599 759 1654; x_wconf 89' lang='lat' dir='ltr'><strong>te</strong></span> <span class='ocrx_word' id='word_1_75' title='bbox 786 1611 901 1676; x_wconf 92' lang='lat' dir='ltr'><strong>meque</strong></span> <span class='ocrx_word' id='word_1_76' title='bbox 926 1591 1065 1675; x_wconf 79' lang='lat' dir='ltr'><strong>profano</strong></span> 
     </span>
     <span class='ocr_line' id='line_1_15' title="bbox 225 1686 1153 1774; baseline -0.002 -22"><span class='ocrx_word' id='word_1_77' title='bbox 225 1686 420 1773; x_wconf 84' lang='lat' dir='ltr'><strong>Reppulerit</strong></span> <span class='ocrx_word' id='word_1_78' title='bbox 446 1687 613 1774; x_wconf 87' lang='lat' dir='ltr'><strong>lymphata</strong></span> <span class='ocrx_word' id='word_1_79' title='bbox 639 1687 731 1772; x_wconf 80' lang='lat' dir='ltr'><strong>odio;</strong></span> <span class='ocrx_word' id='word_1_80' title='bbox 757 1688 956 1772; x_wconf 83' lang='lat' dir='ltr'><strong>Christoque</strong></span> <span class='ocrx_word' id='word_1_81' title='bbox 983 1698 1153 1773; x_wconf 87' lang='lat' dir='ltr'><strong>perempto</strong></span> 
     </span>
     <span class='ocr_line' id='line_1_16' title="bbox 226 1783 1052 1872; baseline 0 -22"><span class='ocrx_word' id='word_1_82' title='bbox 226 1786 378 1850; x_wconf 81' lang='lat' dir='ltr'><strong>Caesaris</strong></span> <span class='ocrx_word' id='word_1_83' title='bbox 404 1783 543 1850; x_wconf 91' lang='lat' dir='ltr'><strong>Ausonii</strong></span> <span class='ocrx_word' id='word_1_84' title='bbox 569 1791 711 1872; x_wconf 90' lang='lat' dir='ltr'><strong>sceptris</strong></span> <span class='ocrx_word' id='word_1_85' title='bbox 737 1785 916 1870; x_wconf 79' lang='lat' dir='ltr'><strong>subjecerit</strong></span> <span class='ocrx_word' id='word_1_86' title='bbox 941 1785 1052 1850; x_wconf 89' lang='lat' dir='ltr'><strong>urbem</strong></span> 
     </span>
     <span class='ocr_line' id='line_1_17' title="bbox 226 1882 1105 1970; baseline 0 -24"><span class='ocrx_word' id='word_1_87' title='bbox 226 1883 489 1970; x_wconf 89' lang='lat' dir='ltr'><strong>Progeniemque</strong></span> <span class='ocrx_word' id='word_1_88' title='bbox 516 1905 642 1948; x_wconf 91' lang='lat' dir='ltr'><strong>omnem</strong></span> <span class='ocrx_word' id='word_1_89' title='bbox 668 1884 763 1948; x_wconf 89' lang='lat' dir='ltr'><strong>Latio</strong></span> <span class='ocrx_word' id='word_1_90' title='bbox 790 1882 957 1948; x_wconf 85' lang='lat' dir='ltr'><strong>malesana</strong></span> <span class='ocrx_word' id='word_1_91' title='bbox 980 1882 1105 1967; x_wconf 80' lang='lat' dir='ltr'><strong>furori3</strong></span> 
     </span>
     <span class='ocr_line' id='line_1_18' title="bbox 226 1978 1258 2068; baseline -0.003 -22"><span class='ocrx_word' id='word_1_92' title='bbox 226 1981 339 2046; x_wconf 71' lang='lat' dir='ltr'><strong>Quare</strong></span> <span class='ocrx_word' id='word_1_93' title='bbox 363 2001 427 2067; x_wconf 88' lang='lat' dir='ltr'><strong>age</strong></span> <span class='ocrx_word' id='word_1_94' title='bbox 453 1989 487 2044; x_wconf 92' lang='lat' dir='ltr'><strong>et</strong></span> <span class='ocrx_word' id='word_1_95' title='bbox 511 1981 685 2045; x_wconf 86' lang='lat' dir='ltr'><strong>indomitae</strong></span> <span class='ocrx_word' id='word_1_96' title='bbox 710 2001 819 2046; x_wconf 86' lang='lat' dir='ltr'><strong>curam</strong></span> <span class='ocrx_word' id='word_1_97' title='bbox 850 1980 975 2044; x_wconf 88' lang='lat' dir='ltr'><strong>mecum</strong></span> <span class='ocrx_word' id='word_1_98' title='bbox 1005 1978 1112 2063; x_wconf 90' lang='lat' dir='ltr'><strong>abjice</strong></span> <span class='ocrx_word' id='word_1_99' title='bbox 1139 1986 1258 2068; x_wconf 82' lang='lat' dir='ltr'><strong>gentis.</strong></span> 
     </span>
     <span class='ocr_line' id='line_1_19' title="bbox 225 2076 1129 2164; baseline 0 -22"><span class='ocrx_word' id='word_1_100' title='bbox 225 2077 328 2142; x_wconf 90' lang='lat' dir='ltr'><strong>Verte</strong></span> <span class='ocrx_word' id='word_1_101' title='bbox 353 2076 427 2142; x_wconf 89' lang='lat' dir='ltr'><strong>solo</strong></span> <span class='ocrx_word' id='word_1_102' title='bbox 454 2079 609 2162; x_wconf 87' lang='lat' dir='ltr'><strong>templum</strong></span> <span class='ocrx_word' id='word_1_103' title='bbox 635 2087 669 2144; x_wconf 92' lang='lat' dir='ltr'><strong>et</strong></span> <span class='ocrx_word' id='word_1_104' title='bbox 694 2085 762 2143; x_wconf 89' lang='lat' dir='ltr'><strong>nati</strong></span> <span class='ocrx_word' id='word_1_105' title='bbox 788 2087 865 2164; x_wconf 89' lang='lat' dir='ltr'><strong>post</strong></span> <span class='ocrx_word' id='word_1_106' title='bbox 886 2077 985 2143; x_wconf 84' lang='lat' dir='ltr'><strong>funus</strong></span> <span class='ocrx_word' id='word_1_107' title='bbox 1012 2085 1129 2142; x_wconf 87' lang='lat' dir='ltr'><strong>inanes</strong></span> 
     </span>
     <span class='ocr_line' id='line_1_20' title="bbox 225 2174 978 2264; baseline 0.003 -25"><span class='ocrx_word' id='word_1_108' title='bbox 225 2174 399 2241; x_wconf 85' lang='lat' dir='ltr'><strong>Sacrorum</strong></span> <span class='ocrx_word' id='word_1_109' title='bbox 425 2181 510 2240; x_wconf 89' lang='lat' dir='ltr'><strong>ritus</strong></span> <span class='ocrx_word' id='word_1_110' title='bbox 535 2186 633 2260; x_wconf 83' lang='lat' dir='ltr'><strong>rupto</strong></span> <span class='ocrx_word' id='word_1_111' title='bbox 651 2174 839 2264; x_wconf 75' lang='lat' dir='ltr'><strong>uelamine,</strong></span> <span class='ocrx_word' id='word_1_112' title='bbox 866 2175 978 2261; x_wconf 88' lang='lat' dir='ltr'><strong>templi</strong></span> 
     </span>
    </p>

    <p class='ocr_par' dir='ltr' id='par_1_7' title="bbox 225 2272 1168 2458">
     <span class='ocr_line' id='line_1_21' title="bbox 226 2272 1168 2359; baseline -0.003 -20"><span class='ocrx_word' id='word_1_113' title='bbox 226 2273 321 2339; x_wconf 71' lang='lat' dir='ltr'><strong>Quod</strong></span> <span class='ocrx_word' id='word_1_114' title='bbox 345 2273 441 2338; x_wconf 91' lang='lat' dir='ltr'><strong>medii</strong></span> <span class='ocrx_word' id='word_1_115' title='bbox 466 2281 651 2359; x_wconf 87' lang='lat' dir='ltr'><strong>oppositum</strong></span> <span class='ocrx_word' id='word_1_116' title='bbox 678 2274 818 2354; x_wconf 81' lang='lat' dir='ltr'><strong>claudit,</strong></span> <span class='ocrx_word' id='word_1_117' title='bbox 845 2273 1033 2359; x_wconf 89' lang='lat' dir='ltr'><strong>penetralia·</strong></span> <span class='ocrx_word' id='word_1_118' title='bbox 1054 2272 1168 2356; x_wconf 90' lang='lat' dir='ltr'><strong>pande.</strong></span> 
     </span>
     <span class='ocr_line' id='line_1_22' title="bbox 225 2370 1029 2458; baseline -0.002 -23"><span class='ocrx_word' id='word_1_119' title='bbox 225 2370 397 2458; x_wconf 77' lang='lat' dir='ltr'><strong>Agnoscat</strong></span> <span class='ocrx_word' id='word_1_120' title='bbox 423 2371 584 2453; x_wconf 88' lang='lat' dir='ltr'><strong>populus,</strong></span> <span class='ocrx_word' id='word_1_121' title='bbox 610 2377 735 2436; x_wconf 89' lang='lat' dir='ltr'><strong>veteris</strong></span> <span class='ocrx_word' id='word_1_122' title='bbox 759 2376 914 2454; x_wconf 84' lang='lat' dir='ltr'><strong>mysteria</strong></span> <span class='ocrx_word' id='word_1_123' title='bbox 940 2370 1029 2457; x_wconf 87' lang='lat' dir='ltr'><strong>legis</strong></span> 
     </span>
    </p>

    <p class='ocr_par' dir='ltr' id='par_1_8' title="bbox 224 2467 1206 2648">
     <span class='ocr_line' id='line_1_23' title="bbox 224 2467 1206 2554; baseline 0.002 -24"><span class='ocrx_word' id='word_1_124' title='bbox 224 2467 335 2531; x_wconf 86' lang='lat' dir='ltr'><strong>Morte</strong></span> <span class='ocrx_word' id='word_1_125' title='bbox 361 2468 433 2534; x_wconf 74' lang='lat' dir='ltr'><strong>DEI</strong></span> <span class='ocrx_word' id='word_1_126' title='bbox 461 2475 602 2532; x_wconf 91' lang='lat' dir='ltr'><strong>vacuata</strong></span> <span class='ocrx_word' id='word_1_127' title='bbox 628 2488 811 2553; x_wconf 88' lang='lat' dir='ltr'><strong>novumque</strong></span> <span class='ocrx_word' id='word_1_128' title='bbox 837 2473 1056 2554; x_wconf 85' lang='lat' dir='ltr'><strong>insanguine</strong></span> <span class='ocrx_word' id='word_1_129' title='bbox 1083 2467 1206 2534; x_wconf 82' lang='lat' dir='ltr'><strong>Christi</strong></span> 
     </span>
     <span class='ocr_line' id='line_1_24' title="bbox 226 2562 970 2648; baseline 0.001 -20"><span class='ocrx_word' id='word_1_130' title='bbox 226 2565 390 2648; x_wconf 88' lang='lat' dir='ltr'><strong>Perpetuo</strong></span> <span class='ocrx_word' id='word_1_131' title='bbox 417 2562 606 2628; x_wconf 91' lang='lat' dir='ltr'><strong>duraturum</strong></span> <span class='ocrx_word' id='word_1_132' title='bbox 631 2565 810 2630; x_wconf 82' lang='lat' dir='ltr'><strong>succedere</strong></span> <span class='ocrx_word' id='word_1_133' title='bbox 835 2563 970 2646; x_wconf 84' lang='lat' dir='ltr'><strong>foedus,</strong></span> 
     </span>
    </p>

    <p class='ocr_par' dir='ltr' id='par_1_9' title="bbox 222 2659 1142 3314">
     <span class='ocr_line' id='line_1_25' title="bbox 224 2659 1142 2750; baseline 0.001 -25"><span class='ocrx_word' id='word_1_134' title='bbox 224 2661 284 2725; x_wconf 91' lang='lat' dir='ltr'><strong>Cui</strong></span> <span class='ocrx_word' id='word_1_135' title='bbox 312 2659 530 2726; x_wconf 85' lang='lat' dir='ltr'><strong>circumfusae</strong></span> <span class='ocrx_word' id='word_1_136' title='bbox 554 2661 635 2728; x_wconf 87' lang='lat' dir='ltr'><strong>solis</strong></span> <span class='ocrx_word' id='word_1_137' title='bbox 663 2683 722 2750; x_wconf 88' lang='lat' dir='ltr'><strong>per</strong></span> <span class='ocrx_word' id='word_1_138' title='bbox 743 2671 916 2748; x_wconf 86' lang='lat' dir='ltr'><strong>utrumque</strong></span> <span class='ocrx_word' id='word_1_139' title='bbox 941 2661 1048 2728; x_wconf 87' lang='lat' dir='ltr'><strong>cubile</strong></span> <span class='ocrx_word' id='word_1_140' title='bbox 1139 2693 1142 2706; x_wconf 87' lang='lat'><em>·</em></span> 
     </span>
     <span class='ocr_line' id='line_1_26' title="bbox 224 2757 1096 2847; baseline 0 -24"><span class='ocrx_word' id='word_1_141' title='bbox 224 2757 392 2823; x_wconf 83' lang='lat' dir='ltr'><strong>Accedent</strong></span> <span class='ocrx_word' id='word_1_142' title='bbox 417 2769 533 2846; x_wconf 89' lang='lat' dir='ltr'><strong>gentes</strong></span> <span class='ocrx_word' id='word_1_143' title='bbox 560 2766 740 2847; x_wconf 85' lang='lat' dir='ltr'><strong>animisque</strong></span> <span class='ocrx_word' id='word_1_144' title='bbox 767 2761 954 2827; x_wconf 86' lang='lat' dir='ltr'><strong>volentibus</strong></span> <span class='ocrx_word' id='word_1_145' title='bbox 981 2779 1096 2826; x_wconf 89' lang='lat' dir='ltr'><strong>onmes</strong></span> 
     </span>
     <span class='ocr_line' id='line_1_27' title="bbox 225 2855 1020 2946; baseline 0.005 -26"><span class='ocrx_word' id='word_1_146' title='bbox 225 2855 396 2941; x_wconf 82' lang='lat' dir='ltr'><strong>Accipient</strong></span> <span class='ocrx_word' id='word_1_147' title='bbox 421 2857 516 2946; x_wconf 87' lang='lat' dir='ltr'><strong>leges</strong></span> <span class='ocrx_word' id='word_1_148' title='bbox 543 2859 818 2946; x_wconf 74' lang='lat' dir='ltr'><strong>servatoremque</strong></span> <span class='ocrx_word' id='word_1_149' title='bbox 844 2863 977 2944; x_wconf 92' lang='lat' dir='ltr'><strong>perenni</strong></span> <span class='ocrx_word' id='word_1_150' title='bbox 1018 2934 1020 2938; x_wconf 85' lang='lat'>.</span> 
     </span>
     <span class='ocr_line' id='line_1_28' title="bbox 225 2953 1048 3040; baseline 0.001 -24"><span class='ocrx_word' id='word_1_151' title='bbox 225 2953 363 3018; x_wconf 88' lang='lat' dir='ltr'><strong>Victima</strong></span> <span class='ocrx_word' id='word_1_152' title='bbox 388 2954 585 3038; x_wconf 84' lang='lat' dir='ltr'><strong>adorabunt,</strong></span> <span class='ocrx_word' id='word_1_153' title='bbox 612 2956 746 3040; x_wconf 86' lang='lat' dir='ltr'><strong>templis</strong></span> <span class='ocrx_word' id='word_1_154' title='bbox 772 2962 905 3040; x_wconf 89' lang='lat' dir='ltr'><strong>arisque</strong></span> <span class='ocrx_word' id='word_1_155' title='bbox 930 2956 1048 3020; x_wconf 89' lang='lat' dir='ltr'><strong>dicatis</strong></span> 
     </span>
     <span class='ocr_line' id='line_1_29' title="bbox 223 3050 1089 3119; baseline -0.001 -4"><span class='ocrx_word' id='word_1_156' title='bbox 223 3051 367 3117; x_wconf 90' lang='lat' dir='ltr'><strong>Aeterno</strong></span> <span class='ocrx_word' id='word_1_157' title='bbox 395 3060 529 3118; x_wconf 88' lang='lat' dir='ltr'><strong>meritas</strong></span> <span class='ocrx_word' id='word_1_158' title='bbox 556 3054 767 3119; x_wconf 90' lang='lat' dir='ltr'><strong>celebrabunt</strong></span> <span class='ocrx_word' id='word_1_159' title='bbox 793 3059 934 3118; x_wconf 82' lang='lat' dir='ltr'><strong>carmine</strong></span> <span class='ocrx_word' id='word_1_160' title='bbox 962 3050 1089 3115; x_wconf 91' lang='lat' dir='ltr'><strong>laudes.</strong></span> 
     </span>
     <span class='ocr_line' id='line_1_30' title="bbox 223 3146 1129 3238; baseline 0 -24"><span class='ocrx_word' id='word_1_161' title='bbox 223 3149 283 3214; x_wconf 89' lang='lat' dir='ltr'><strong>llis</strong></span> <span class='ocrx_word' id='word_1_162' title='bbox 309 3171 373 3238; x_wconf 89' lang='lat' dir='ltr'><strong>ego</strong></span> <span class='ocrx_word' id='word_1_163' title='bbox 400 3150 565 3216; x_wconf 88' lang='lat' dir='ltr'><strong>duetorem</strong></span> <span class='ocrx_word' id='word_1_164' title='bbox 591 3150 736 3218; x_wconf 77' lang='lat' dir='ltr'><strong>michaei</strong></span> <span class='ocrx_word' id='word_1_165' title='bbox 762 3157 795 3213; x_wconf 91' lang='lat' dir='ltr'><strong>te</strong></span> <span class='ocrx_word' id='word_1_166' title='bbox 820 3150 972 3236; x_wconf 80' lang='lat' dir='ltr'><strong>gentibus</strong></span> <span class='ocrx_word' id='word_1_167' title='bbox 996 3146 1129 3229; x_wconf 80' lang='lat' dir='ltr'><strong>addam,</strong></span> 
     </span>
     <span class='ocr_line' id='line_1_31' title="bbox 222 3245 1074 3314; baseline 0 -4"><span class='ocrx_word' id='word_1_168' title='bbox 222 3245 293 3312; x_wconf 86' lang='lat' dir='ltr'><strong>llas</strong></span> <span class='ocrx_word' id='word_1_169' title='bbox 319 3268 442 3313; x_wconf 93' lang='lat' dir='ltr'><strong>mecum</strong></span> <span class='ocrx_word' id='word_1_170' title='bbox 469 3256 606 3314; x_wconf 89' lang='lat' dir='ltr'><strong>aeterno</strong></span> <span class='ocrx_word' id='word_1_171' title='bbox 632 3246 784 3314; x_wconf 87' lang='lat' dir='ltr'><strong>tutabere</strong></span> <span class='ocrx_word' id='word_1_172' title='bbox 812 3252 937 3312; x_wconf 86' lang='lat' dir='ltr'><strong>vinctus</strong></span> <span class='ocrx_word' id='word_1_173' title='bbox 962 3266 1074 3310; x_wconf 89' lang='lat' dir='ltr'><strong>amore</strong></span> 
     </span>
    </p>

    <p class='ocr_par' dir='ltr' id='par_1_10' title="bbox 223 3343 979 3508">
     <span class='ocr_line' id='line_1_32' title="bbox 223 3343 979 3428; baseline 0.001 -22"><span class='ocrx_word' id='word_1_174' title='bbox 223 3343 266 3407; x_wconf 87' lang='lat' dir='ltr'><strong>Et</strong></span> <span class='ocrx_word' id='word_1_175' title='bbox 289 3344 500 3427; x_wconf 87' lang='lat' dir='ltr'><strong>praedatoris</strong></span> <span class='ocrx_word' id='word_1_176' title='bbox 523 3353 636 3428; x_wconf 90' lang='lat' dir='ltr'><strong>raptas</strong></span> <span class='ocrx_word' id='word_1_177' title='bbox 661 3365 681 3410; x_wconf 88' lang='lat' dir='ltr'><strong>e</strong></span> <span class='ocrx_word' id='word_1_178' title='bbox 705 3343 857 3408; x_wconf 78' lang='lat' dir='ltr'><strong>faucibus</strong></span> <span class='ocrx_word' id='word_1_179' title='bbox 882 3344 979 3424; x_wconf 82' lang='lat' dir='ltr'><strong>Orci,</strong></span> 
     </span>
     <span class='ocr_line' id='line_1_33' title="bbox 224 3438 967 3508; baseline 0.001 -6"><span class='ocrx_word' id='word_1_180' title='bbox 224 3438 389 3506; x_wconf 87' lang='lat' dir='ltr'><strong>Sublimes</strong></span> <span class='ocrx_word' id='word_1_181' title='bbox 415 3441 505 3506; x_wconf 90' lang='lat' dir='ltr'><strong>rutili</strong></span> <span class='ocrx_word' id='word_1_182' title='bbox 534 3441 635 3506; x_wconf 90' lang='lat' dir='ltr'><strong>tolles</strong></span> <span class='ocrx_word' id='word_1_183' title='bbox 658 3447 689 3505; x_wconf 92' lang='lat' dir='ltr'><strong>in</strong></span> <span class='ocrx_word' id='word_1_184' title='bbox 716 3447 847 3506; x_wconf 91' lang='lat' dir='ltr'><strong>moenia</strong></span> <span class='ocrx_word' id='word_1_185' title='bbox 871 3441 967 3508; x_wconf 89' lang='lat' dir='ltr'><strong>coeli.</strong></span> 
     </span>
    </p>

    <p class='ocr_par' dir='ltr' id='par_1_11' title="bbox 222 3535 918 3606">
     <span class='ocr_line' id='line_1_34' title="bbox 222 3535 918 3606; baseline 0.003 -6"><span class='ocrx_word' id='word_1_186' title='bbox 222 3535 353 3600; x_wconf 87' lang='lat' dir='ltr'><strong>Interea</strong></span> <span class='ocrx_word' id='word_1_187' title='bbox 378 3553 483 3601; x_wconf 85' lang='lat' dir='ltr'><strong>tecum</strong></span> <span class='ocrx_word' id='word_1_188' title='bbox 510 3544 646 3603; x_wconf 90' lang='lat' dir='ltr'><strong>comites</strong></span> <span class='ocrx_word' id='word_1_189' title='bbox 670 3559 803 3604; x_wconf 87' lang='lat' dir='ltr'><strong>assume</strong></span> <span class='ocrx_word' id='word_1_190' title='bbox 830 3540 918 3606; x_wconf 89' lang='lat' dir='ltr'><strong>beati</strong></span> 
     </span>
    </p>

    <p class='ocr_par' dir='ltr' id='par_1_12' title="bbox 223 3632 1000 3722">
     <span class='ocr_line' id='line_1_35' title="bbox 223 3632 1000 3722; baseline 0.001 -25"><span class='ocrx_word' id='word_1_191' title='bbox 223 3632 371 3720; x_wconf 89' lang='lat' dir='ltr'><strong>Agmiuis</strong></span> <span class='ocrx_word' id='word_1_192' title='bbox 398 3633 553 3722; x_wconf 89' lang='lat' dir='ltr'><strong>Aligeros</strong></span> <span class='ocrx_word' id='word_1_193' title='bbox 579 3645 613 3700; x_wconf 90' lang='lat' dir='ltr'><strong>et</strong></span> <span class='ocrx_word' id='word_1_194' title='bbox 635 3642 744 3701; x_wconf 89' lang='lat' dir='ltr'><strong>tantae</strong></span> <span class='ocrx_word' id='word_1_195' title='bbox 771 3637 881 3704; x_wconf 91' lang='lat' dir='ltr'><strong>debita</strong></span> <span class='ocrx_word' id='word_1_196' title='bbox 905 3642 1000 3702; x_wconf 90' lang='lat' dir='ltr'><strong>morti</strong></span> 
     </span>
    </p>

    <p class='ocr_par' dir='ltr' id='par_1_13' title="bbox 222 3731 1167 4192">
     <span class='ocr_line' id='line_1_36' title="bbox 223 3731 1157 3820; baseline 0.003 -24"><span class='ocrx_word' id='word_1_197' title='bbox 223 3731 355 3796; x_wconf 82' lang='lat' dir='ltr'><strong>Funera</strong></span> <span class='ocrx_word' id='word_1_198' title='bbox 381 3738 413 3796; x_wconf 88' lang='lat' dir='ltr'><strong>et</strong></span> <span class='ocrx_word' id='word_1_199' title='bbox 439 3739 596 3818; x_wconf 86' lang='lat' dir='ltr'><strong>exequias</strong></span> <span class='ocrx_word' id='word_1_200' title='bbox 623 3739 764 3798; x_wconf 88' lang='lat' dir='ltr'><strong>extincto</strong></span> <span class='ocrx_word' id='word_1_201' title='bbox 790 3741 919 3800; x_wconf 91' lang='lat' dir='ltr'><strong>numine</strong></span> <span class='ocrx_word' id='word_1_202' title='bbox 941 3734 1062 3820; x_wconf 89' lang='lat' dir='ltr'><strong>dignas</strong></span> <span class='ocrx_word' id='word_1_203' title='bbox 1153 3775 1157 3784; x_wconf 90' lang='lat'>·</span> 
     </span>
     <span class='ocr_line' id='line_1_37' title="bbox 223 3829 1021 3900; baseline -0.001 -6"><span class='ocrx_word' id='word_1_204' title='bbox 223 3830 394 3894; x_wconf 89' lang='lat' dir='ltr'><strong>Coucussu</strong></span> <span class='ocrx_word' id='word_1_205' title='bbox 416 3829 548 3896; x_wconf 90' lang='lat' dir='ltr'><strong>celebra</strong></span> <span class='ocrx_word' id='word_1_206' title='bbox 572 3841 734 3898; x_wconf 85' lang='lat' dir='ltr'><strong>terrarum</strong></span> <span class='ocrx_word' id='word_1_207' title='bbox 760 3833 905 3900; x_wconf 81' lang='lat' dir='ltr'><strong>luriditus</strong></span> <span class='ocrx_word' id='word_1_208' title='bbox 933 3831 1021 3896; x_wconf 91' lang='lat' dir='ltr'><strong>orbe.</strong></span> 
     </span>
     <span class='ocr_line' id='line_1_38' title="bbox 224 3927 1063 4016; baseline 0 -24"><span class='ocrx_word' id='word_1_209' title='bbox 224 3927 350 3992; x_wconf 89' lang='lat' dir='ltr'><strong>Sentiat</strong></span> <span class='ocrx_word' id='word_1_210' title='bbox 376 3928 532 3994; x_wconf 89' lang='lat' dir='ltr'><strong>artificem</strong></span> <span class='ocrx_word' id='word_1_211' title='bbox 558 3937 647 3997; x_wconf 90' lang='lat' dir='ltr'><strong>terra</strong></span> <span class='ocrx_word' id='word_1_212' title='bbox 673 3937 864 4016; x_wconf 84' lang='lat' dir='ltr'><strong>expirasse,</strong></span> <span class='ocrx_word' id='word_1_213' title='bbox 893 3935 1063 4015; x_wconf 87' lang='lat' dir='ltr'><strong>gementes</strong></span> 
     </span>
     <span class='ocr_line' id='line_1_39' title="bbox 222 4022 1167 4115; baseline 0.001 -28"><span class='ocrx_word' id='word_1_214' title='bbox 222 4022 410 4090; x_wconf 87' lang='lat' dir='ltr'><strong>Exanimem</strong></span> <span class='ocrx_word' id='word_1_215' title='bbox 435 4025 594 4114; x_wconf 83' lang='lat' dir='ltr'><strong>plangant</strong></span> <span class='ocrx_word' id='word_1_216' title='bbox 618 4027 729 4115; x_wconf 90' lang='lat' dir='ltr'><strong>populi</strong></span> <span class='ocrx_word' id='word_1_217' title='bbox 757 4034 942 4114; x_wconf 87' lang='lat' dir='ltr'><strong>gentesque</strong></span> <span class='ocrx_word' id='word_1_218' title='bbox 968 4043 1028 4109; x_wconf 88' lang='lat' dir='ltr'><strong>per</strong></span> <span class='ocrx_word' id='word_1_219' title='bbox 1053 4044 1167 4089; x_wconf 91' lang='lat' dir='ltr'><strong>omnes</strong></span> 
     </span>
     <span class='ocr_line' id='line_1_40' title="bbox 223 4119 977 4192; baseline 0.004 -8"><span class='ocrx_word' id='word_1_220' title='bbox 223 4119 369 4187; x_wconf 89' lang='lat' dir='ltr'><strong>Concute</strong></span> <span class='ocrx_word' id='word_1_221' title='bbox 396 4122 526 4191; x_wconf 86' lang='lat' dir='ltr'><strong>solicito</strong></span> <span class='ocrx_word' id='word_1_222' title='bbox 553 4125 705 4192; x_wconf 89' lang='lat' dir='ltr'><strong>mortalia</strong></span> <span class='ocrx_word' id='word_1_223' title='bbox 731 4122 828 4188; x_wconf 88' lang='lat' dir='ltr'><strong>corda</strong></span> <span class='ocrx_word' id='word_1_224' title='bbox 852 4121 977 4188; x_wconf 88' lang='lat' dir='ltr'><strong>dolore.</strong></span> 
     </span>
    </p>
   </div>
   <div class='ocr_carea' id='block_1_6' title="bbox 0 0 1534 4752">
    <p class='ocr_par' dir='ltr' id='par_1_14' title="bbox 0 0 1534 4752">
     <span class='ocr_line' id='line_1_41' title="bbox 0 0 1534 4752; baseline 0 1"><span class='ocrx_word' id='word_1_225' title='bbox 0 0 1534 4752; x_wconf 95' lang='lat' dir='ltr'><strong> </strong></span> 
     </span>
    </p>
   </div>
  </div>
 </body>
</html>
