3082 4748
672 243 914 298 eiiitisuiniios

250 440 413 504 Armatam
441 440 511 498 toto
541 436 700 495 conminus
725 429 845 492 roboro
871 427 1014 495 dextram
1127 493 1130 502 ,

250 533 410 601 Sustulit:
437 541 472 596 ct
496 529 660 598 GflalsTI
686 525 810 588 vulturn
834 525 991 605 dicentis,
1018 531 1051 586 ct
1077 541 1135 584 ora

249 633 377 722 Ingenti
404 629 503 716 plaga
528 627 622 690 ferit.
649 630 748 707 etque
775 622 891 686 haec'
884 641 1019 704 insuper
1045 617 1150 682 addit:
1241 633 1243 636 ·

250 731 415 796 Haeccine
441 723 591 791 Pontifici
618 739 782 802 respousa
803 723 987 783 misserirnc
1015 715 1154 781 reddis?

349 922 422 987 Heu
447 918 575 982 cadat'
565 939 597 979 ιιι
628 934 820 1001 quemquam
847 922 958 978 tantus
986 913 1077 978 surm
1112 909 1210 974 illane
1235 913 1408 995 quisquam

253 1020 424 1104 Sacrilego
449 1014 572 1078 violare
599 1033 695 1076 mann
724 1010 902 1076 crudeliter
927 1031 986 1074 ora

252 1121 384 1196 Ausus,
412 1121 446 1177 et
471 1115 584 1175 immiti
611 1108 727 1174 faciem
752 1128 962 1192 corrumpere
988 1106 1120 1190 dextrap

253 1214 355 1281 Sibila
381 1214 432 1275 cui
456 1208 608 1288 coluber,
634 1213 749 1272 tristes
775 1212 906 1270 aconita
931 1223 1114 1281 novercae,
1216 1211 1220 1218 ’

251 1311 440 1395 llybcrnum
467 1307 572 1370 furias
597 1325 687 1369 marc
710 1310 868 1389 poneret,
895 1310 966 1366 atro
992 1303 1200 1366 Cometes·
1296 1327 1300 1356 z

251 1408 384 1488 Sidera,
408 1404 583 1468 lethiferos
604 1400 718 1466 fatalis
744 1401 854 1464 Sirius
877 1403 1003 1486 ignea?

252 1504 388 1583 Infelix,
416 1521 500 1586 quae
526 1507 558 1562 te
583 1519 743 1583 praeceps
774 1497 939 1562 dementia
964 1504 1089 1562 tantum
1187 1497 1191 1504 ’

251 1600 383 1685 impulit
411 1599 450 1663 ad
477 1597 632 1662 dicimis.⁰
658 1617 721 1660 non
749 1603 783 1676 te
810 1601 926 1660 natu'ra
951 1594 1114 1660 furentem

251 1700 401 1778 Terruit,
429 1715 548 1759 arcano
575 1699 742 1780 stringens
758 1691 959 1780 praecordia
984 1699 1113 1773 morsu,
1214 1737 1217 1745 ·
1274 1721 1295 1742 ··
1331 1747 1334 1755 .

252 1794 521 1880 sacrilegamque
547 1811 675 1856 manum
702 1789 913 1874 reprimens?
938 1788 1011 1854 Non
1036 1789 1195 1852 horruit
1187 1807 1262 1872 ipsa
1333 1837 1335 1844 ,

252 1893 400 1956 Dextera
425 1889 561 1954 inauditi
588 1886 726 1952 sceleris
751 1886 922 1950 fonnidine
948 1887 1084 1970 torpens
1141 1925 1144 1932 ,
1181 1925 1185 1941 .
1221 1893 1234 1902 '

252 1987 419 2053 Artificem
444 1984 569 2051 violare
594 1985 706 2050 suum!

253 2084 282 2149 0
309 2085 364 2150 nbi
390 2106 474 2149 nunc
501 2082 616 2148 vindex
642 2089 795 2170 genitor,-
818 2081 974 2166 diraeque
999 2026 1182 2145 rubentesl
1228 2086 1250 2123 ·.

253 2182 282 2247 0
309 2183 364 2247 ubi
389 2182 571 2248 Tlresbitae
593 2179 758 2261 flammae,
787 2186 875 2264 quas
895 2185 1044 2266 percitus
1068 2183 1118 2242 i'ra
1198 2205 1201 2214 ¹

252 2282 397 2345 Torsit
389 2301 419 2340 ιιι
446 2280 587 2343 audaces
614 2277 720 2341 valida
746 2279 797 2340 bis
823 2298 906 2340 voce
933 2276 1104 2340 cohortes!

252 2375 321 2439 Aut
344 2373 585 2437 Jerichuniinis
610 2372 818 2436 stabulantes
845 2371 985 2434 saltibus
1011 2375 1108 2436 ursi
1194 2413 1197 2420 ·

253 2471 391 2536 lrnmissi
417 2473 447 2531 in
475 2486 613 2553 pucros,
639 2465 764 2537 Elisaei
790 2466 831 2530 ad
856 2474 932 2530 virtu
958 2469 1135 2550 procaces!
1168 2495 1172 2506 ¹
1248 2497 1251 2504 ·

188 2649 196 2660 ,
254 2567 352 2632 Aruit
377 2570 507 2653 ingrato
533 2562 695 2648 quondam
722 2583 835 2626 manus
861 2568 962 2650 impia
987 2564 1092 2651 Regi:

255 2665 380 2730 Ultoris
406 2661 516 2727 subita
542 2665 573 2724 vi
599 2665 741 2724 cruminis
768 2661 889 2725 occidit
914 2660 1003 2727 Ona:
1083 2671 1087 2678 '
1140 2669 1143 2676 “

255 2761 351 2828 ssuod
374 2767 494 2824 tantum
521 2755 634 2840 scelus
659 2766 717 2820 aut
743 2757 878 2840 Levita,
902 2768 960 2823 aut
985 2759 1080 2846 Rege
1106 2759 1279 2825 merente?

255 2857 341 2924 ssuid
368 2858 426 2920 tibi
450 2876 510 2940 pro
536 2853 593 2919 tali
621 2853 804 2938 malesane,
831 2856 907 2940 quid
934 2863 1099 2942 imprecer
1124 2858 1235 2920 ausu?

254 2953 298 3018 Ut
323 2973 480 3039 superum
504 2954 641 3018 flammis
668 2974 787 3036 pereas
812 2953 983 3018 ultricibus
1009 2954 1178 3018 hauctus?

255 3051 469 3116 Caeruleisve
495 3071 609 3139 gemas
635 3049 792 3133 depastos
819 3050 1141 3135 anguibus-artos?
1232 3081 1235 3090 v
1315 3080 1319 3090 ¹

255 3148 297 3213 Ut
326 3150 428 3234 rapidi
454 3155 592 3214 mersus
610 3146 671 3210 sub
699 3145 820 3208 Averni
846 3145 999 3210 undantia
1024 3144 1121 3210 foedo
1154 3193 1157 3204 .
1240 3173 1243 3200 =

256 3247 421 3331 Sulphure
449 3255 585 3332 stagna,
613 3244 674 3305 tibi
699 3246 805 3305 vivaci
830 3251 937 3308 morte
964 3251 1152 3329 superstes.

256 3341 417 3408 Aeternas
443 3339 616 3406 immortali
643 3337 701 3402 des
728 3338 843 3404 funere
868 3342 1019 3423 poenosa

256 3439 330 3504 Non
356 3461 396 3504 ea
419 3443 468 3502 vis
493 3442 634 3518 nostris,
660 3457 722 3499 non
751 3436 959 3526 inclementia
984 3444 1080 3504 votis.

256 3535 339 3601 Vive
368 3539 493 3621 magis:
521 3534 685 3619 longoque
712 3534 807 3599 nefas
834 3536 936 3599 dirurn
963 3537 1036 3601 clue
1062 3534 1153 3598 fletu.

257 3631 336 3696 Sive
362 3631 422 3694 sub
450 3629 557 3695 Aeolii
580 3629 753 3696 demersus
779 3634 916 3720 rupibus
943 3640 1048 3716 antri,
1148 3665 1151 3672 ·

256 3726 334 3793 Sive
360 3727 420 3791 sub
447 3725 586 3792 Aetnaei
612 3728 756 3793 fumante
782 3730 947 3814 crepidine
974 3734 1130 3806 montis,··
1202 3765 1204 3773 ι
1267 3759 1270 3768 ⁴
1323 3743 1327 3752 ·

258 3826 356 3891 Vive:
385 3831 418 3888 et
443 3831 474 3888 in
499 3824 645 3890 astriferi
668 3845 822 3907 suprema
846 3826 1009 3891 volumina
1032 3824 1141 3887 mnndi
1252 3870 1256 3884 .

257 3922 481 4009 lrrcquietus,
508 3929 542 3984 et
568 3927 724 3990 insomnis
750 3928 911 4004 spatiare,
937 3939 1130 4002 manumque

258 4016 461 4108 Sacrilegum
488 4018 666 4103 protende,
693 4023 790 4099 atque
816 4023 884 4080 nris
911 4018 993 4082 dura
1018 4021 1184 4100 protervi·
1237 4065 1240 4077 .
1294 4025 1297 4034 ’
