<?xml version="1.0" encoding="UTF-8"?>
<!DOCTYPE html PUBLIC "-//W3C//DTD XHTML 1.0 Transitional//EN"
    "http://www.w3.org/TR/xhtml1/DTD/xhtml1-transitional.dtd">
<html xmlns="http://www.w3.org/1999/xhtml" xml:lang="en" lang="en">
 <head>
  <title>
</title>
<meta http-equiv="Content-Type" content="text/html;charset=utf-8" />
  <meta name='ocr-system' content='tesseract 3.04.00' />
  <meta name='ocr-capabilities' content='ocr_page ocr_carea ocr_par ocr_line ocrx_word'/>
</head>
<body>
  <div class='ocr_page' id='page_1' title='image "./christiadoslibr00waltgoog_0127.png"; bbox 0 0 3082 4748; ppageno 0'>
   <div class='ocr_carea' id='block_1_1' title="bbox 633 176 877 236">
    <p class='ocr_par' dir='ltr' id='par_1_1' title="bbox 633 176 877 236">
     <span class='ocr_line' id='line_1_1' title="bbox 633 176 877 236; baseline -0.008 -1"><span class='ocrx_word' id='word_1_1' title='bbox 633 176 877 236; x_wconf 66' lang='lat' dir='ltr'><strong>castellanos</strong></span> 
     </span>
    </p>
   </div>
   <div class='ocr_carea' id='block_1_2' title="bbox 178 361 1130 640">
    <p class='ocr_par' dir='ltr' id='par_1_2' title="bbox 178 361 1130 640">
     <span class='ocr_line' id='line_1_2' title="bbox 178 361 1130 454; baseline -0.001 -21"><span class='ocrx_word' id='word_1_2' title='bbox 178 379 179 386; x_wconf 77' lang='grc'>’</span> <span class='ocrx_word' id='word_1_3' title='bbox 211 368 279 433; x_wconf 88' lang='lat' dir='ltr'><strong>Per</strong></span> <span class='ocrx_word' id='word_1_4' title='bbox 304 361 433 433; x_wconf 81' lang='lat' dir='ltr'><strong>noctem</strong></span> <span class='ocrx_word' id='word_1_5' title='bbox 459 365 570 449; x_wconf 89' lang='lat' dir='ltr'><strong>illudi,</strong></span> <span class='ocrx_word' id='word_1_6' title='bbox 597 365 728 452; x_wconf 81' lang='lat' dir='ltr'><strong>placida</strong></span> <span class='ocrx_word' id='word_1_7' title='bbox 753 387 837 454; x_wconf 89' lang='lat' dir='ltr'><strong>quos</strong></span> <span class='ocrx_word' id='word_1_8' title='bbox 864 378 944 432; x_wconf 85' lang='lat' dir='ltr'><strong>voce</strong></span> <span class='ocrx_word' id='word_1_9' title='bbox 971 371 1130 454; x_wconf 80' lang='lat' dir='ltr'><strong>magister</strong></span> 
     </span>
     <span class='ocr_line' id='line_1_3' title="bbox 211 464 1117 553; baseline -0.003 -22"><span class='ocrx_word' id='word_1_10' title='bbox 211 466 362 553; x_wconf 84' lang='lat' dir='ltr'><strong>Increpat</strong></span> <span class='ocrx_word' id='word_1_11' title='bbox 387 473 421 531; x_wconf 92' lang='lat' dir='ltr'><strong>ct</strong></span> <span class='ocrx_word' id='word_1_12' title='bbox 445 473 553 532; x_wconf 88' lang='lat' dir='ltr'><strong>motos</strong></span> <span class='ocrx_word' id='word_1_13' title='bbox 580 474 738 552; x_wconf 81' lang='lat' dir='ltr'><strong>properat</strong></span> <span class='ocrx_word' id='word_1_14' title='bbox 765 485 961 549; x_wconf 84' lang='lat' dir='ltr'><strong>componere</strong></span> <span class='ocrx_word' id='word_1_15' title='bbox 986 464 1117 530; x_wconf 62' lang='lat' dir='ltr'><strong>Mans.</strong></span> 
     </span>
     <span class='ocr_line' id='line_1_4' title="bbox 212 562 1037 640; baseline -0.004 -12"><span class='ocrx_word' id='word_1_16' title='bbox 212 563 274 629; x_wconf 91' lang='lat' dir='ltr'><strong>Hic</strong></span> <span class='ocrx_word' id='word_1_17' title='bbox 298 563 419 628; x_wconf 88' lang='lat' dir='ltr'><strong>Petrus</strong></span> <span class='ocrx_word' id='word_1_18' title='bbox 443 565 542 640; x_wconf 90' lang='lat' dir='ltr'><strong>(miro</strong></span> <span class='ocrx_word' id='word_1_19' title='bbox 570 567 620 628; x_wconf 91' lang='lat' dir='ltr'><strong>cui</strong></span> <span class='ocrx_word' id='word_1_20' title='bbox 647 583 739 628; x_wconf 85' lang='lat' dir='ltr'><strong>mens</strong></span> <span class='ocrx_word' id='word_1_21' title='bbox 765 562 902 627; x_wconf 80' lang='lat' dir='ltr'><strong>ardebat</strong></span> <span class='ocrx_word' id='word_1_22' title='bbox 926 579 1037 626; x_wconf 88' lang='lat' dir='ltr'><strong>amore</strong></span> 
     </span>
    </p>
   </div>
   <div class='ocr_carea' id='block_1_3' title="bbox 81 657 1103 746">
    <p class='ocr_par' dir='ltr' id='par_1_3' title="bbox 81 657 1103 746">
     <span class='ocr_line' id='line_1_5' title="bbox 81 657 1103 746; baseline -0.004 -20"><span class='ocrx_word' id='word_1_23' title='bbox 81 669 85 676; x_wconf 82' lang='lat'>&#39;</span> <span class='ocrx_word' id='word_1_24' title='bbox 211 661 246 726; x_wconf 92' lang='lat' dir='ltr'><strong>ln</strong></span> <span class='ocrx_word' id='word_1_25' title='bbox 274 661 464 741; x_wconf 88' lang='lat' dir='ltr'><strong>Dominum,</strong></span> <span class='ocrx_word' id='word_1_26' title='bbox 488 682 584 746; x_wconf 89' lang='lat' dir='ltr'><strong>quem</strong></span> <span class='ocrx_word' id='word_1_27' title='bbox 612 658 782 744; x_wconf 72' lang='lat' dir='ltr'><strong>discipulis</strong></span> <span class='ocrx_word' id='word_1_28' title='bbox 808 658 965 724; x_wconf 78' lang='lat' dir='ltr'><strong>dessaeie</strong></span> <span class='ocrx_word' id='word_1_29' title='bbox 989 657 1103 743; x_wconf 85' lang='lat' dir='ltr'><strong>proles</strong></span> 
     </span>
    </p>
   </div>
   <div class='ocr_carea' id='block_1_4' title="bbox 211 754 1251 1136">
    <p class='ocr_par' dir='ltr' id='par_1_4' title="bbox 212 754 1079 841">
     <span class='ocr_line' id='line_1_6' title="bbox 212 754 1079 841; baseline -0.002 -18"><span class='ocrx_word' id='word_1_30' title='bbox 212 757 375 824; x_wconf 83' lang='lat' dir='ltr'><strong>Omnibus</strong></span> <span class='ocrx_word' id='word_1_31' title='bbox 401 757 571 831; x_wconf 73' lang='lat' dir='ltr'><strong>antetulit)</strong></span> <span class='ocrx_word' id='word_1_32' title='bbox 598 754 708 820; x_wconf 88' lang='lat' dir='ltr'><strong>subita</strong></span> <span class='ocrx_word' id='word_1_33' title='bbox 733 776 793 841; x_wconf 91' lang='lat' dir='ltr'><strong>spe</strong></span> <span class='ocrx_word' id='word_1_34' title='bbox 817 754 964 820; x_wconf 80' lang='lat' dir='ltr'><strong>servidas</strong></span> <span class='ocrx_word' id='word_1_35' title='bbox 991 758 1079 823; x_wconf 79' lang='lat' dir='ltr'><strong>infit:</strong></span> 
     </span>
    </p>

    <p class='ocr_par' dir='ltr' id='par_1_5' title="bbox 211 852 1251 1036">
     <span class='ocr_line' id='line_1_7' title="bbox 213 852 1251 941; baseline -0.004 -19"><span class='ocrx_word' id='word_1_36' title='bbox 213 856 249 922; x_wconf 81' lang='lat' dir='ltr'><strong>Sl</strong></span> <span class='ocrx_word' id='word_1_37' title='bbox 276 875 436 941; x_wconf 82' lang='lat' dir='ltr'><strong>praesens</strong></span> <span class='ocrx_word' id='word_1_38' title='bbox 463 853 577 919; x_wconf 89' lang='lat' dir='ltr'><strong>tumidi</strong></span> <span class='ocrx_word' id='word_1_39' title='bbox 602 852 753 938; x_wconf 85' lang='lat' dir='ltr'><strong>graderis</strong></span> <span class='ocrx_word' id='word_1_40' title='bbox 779 871 838 939; x_wconf 92' lang='lat' dir='ltr'><strong>per</strong></span> <span class='ocrx_word' id='word_1_41' title='bbox 864 859 959 940; x_wconf 81' lang='lat' dir='ltr'><strong>terga</strong></span> <span class='ocrx_word' id='word_1_42' title='bbox 981 853 1151 940; x_wconf 85' lang='lat' dir='ltr'><strong>profundi,</strong></span> <span class='ocrx_word' id='word_1_43' title='bbox 1249 891 1251 898; x_wconf 44' lang='grc' dir='ltr'><strong>ι</strong></span> 
     </span>
     <span class='ocr_line' id='line_1_8' title="bbox 211 949 1077 1036; baseline -0.003 -17"><span class='ocrx_word' id='word_1_44' title='bbox 211 954 299 1019; x_wconf 90' lang='lat' dir='ltr'><strong>Nate</strong></span> <span class='ocrx_word' id='word_1_45' title='bbox 327 953 428 1033; x_wconf 75' lang='lat' dir='ltr'><strong>DEO,</strong></span> <span class='ocrx_word' id='word_1_46' title='bbox 453 949 553 1016; x_wconf 87' lang='lat' dir='ltr'><strong>liceat</strong></span> <span class='ocrx_word' id='word_1_47' title='bbox 578 969 636 1034; x_wconf 92' lang='lat' dir='ltr'><strong>per</strong></span> <span class='ocrx_word' id='word_1_48' title='bbox 659 958 695 1014; x_wconf 91' lang='lat' dir='ltr'><strong>te</strong></span> <span class='ocrx_word' id='word_1_49' title='bbox 719 950 799 1016; x_wconf 87' lang='lat' dir='ltr'><strong>mihi</strong></span> <span class='ocrx_word' id='word_1_50' title='bbox 825 971 934 1036; x_wconf 81' lang='lat' dir='ltr'><strong>puppe</strong></span> <span class='ocrx_word' id='word_1_51' title='bbox 960 950 1077 1016; x_wconf 86' lang='lat' dir='ltr'><strong>relicta</strong></span> 
     </span>
    </p>

    <p class='ocr_par' dir='ltr' id='par_1_6' title="bbox 212 1047 1020 1136">
     <span class='ocr_line' id='line_1_9' title="bbox 212 1047 1020 1136; baseline -0.006 -19"><span class='ocrx_word' id='word_1_52' title='bbox 212 1049 292 1118; x_wconf 84' lang='lat' dir='ltr'><strong>Fida</strong></span> <span class='ocrx_word' id='word_1_53' title='bbox 318 1047 515 1135; x_wconf 85' lang='lat' dir='ltr'><strong>procellosis</strong></span> <span class='ocrx_word' id='word_1_54' title='bbox 541 1051 685 1136; x_wconf 80' lang='lat' dir='ltr'><strong>vestigia</strong></span> <span class='ocrx_word' id='word_1_55' title='bbox 709 1067 832 1132; x_wconf 89' lang='lat' dir='ltr'><strong>ponere</strong></span> <span class='ocrx_word' id='word_1_56' title='bbox 856 1051 888 1109; x_wconf 90' lang='lat' dir='ltr'><strong>in</strong></span> <span class='ocrx_word' id='word_1_57' title='bbox 915 1047 1020 1116; x_wconf 87' lang='lat' dir='ltr'><strong>undis.</strong></span> 
     </span>
    </p>
   </div>
   <div class='ocr_carea' id='block_1_5' title="bbox 209 1241 1259 3064">
    <p class='ocr_par' dir='ltr' id='par_1_7' title="bbox 209 1241 1259 3064">
     <span class='ocr_line' id='line_1_10' title="bbox 308 1241 1162 1324; baseline -0.002 -18"><span class='ocrx_word' id='word_1_58' title='bbox 308 1242 465 1324; x_wconf 81' lang='lat' dir='ltr'><strong>Dixerat,</strong></span> <span class='ocrx_word' id='word_1_59' title='bbox 491 1247 525 1306; x_wconf 93' lang='lat' dir='ltr'><strong>et</strong></span> <span class='ocrx_word' id='word_1_60' title='bbox 550 1241 659 1309; x_wconf 86' lang='lat' dir='ltr'><strong>iacilis</strong></span> <span class='ocrx_word' id='word_1_61' title='bbox 684 1241 801 1306; x_wconf 87' lang='lat' dir='ltr'><strong>blando</strong></span> <span class='ocrx_word' id='word_1_62' title='bbox 827 1242 929 1311; x_wconf 81' lang='lat' dir='ltr'><strong>Deus</strong></span> <span class='ocrx_word' id='word_1_63' title='bbox 956 1246 1069 1306; x_wconf 86' lang='lat' dir='ltr'><strong>annuit</strong></span> <span class='ocrx_word' id='word_1_64' title='bbox 1095 1260 1162 1306; x_wconf 88' lang='lat' dir='ltr'><strong>ore.</strong></span> 
     </span>
     <span class='ocr_line' id='line_1_11' title="bbox 212 1339 1045 1424; baseline -0.001 -19"><span class='ocrx_word' id='word_1_65' title='bbox 212 1340 373 1405; x_wconf 83' lang='lat' dir='ltr'><strong>Continuo</strong></span> <span class='ocrx_word' id='word_1_66' title='bbox 400 1360 526 1405; x_wconf 87' lang='lat' dir='ltr'><strong>summa</strong></span> <span class='ocrx_word' id='word_1_67' title='bbox 551 1340 669 1405; x_wconf 77' lang='lat' dir='ltr'><strong>Petrus</strong></span> <span class='ocrx_word' id='word_1_68' title='bbox 695 1339 736 1403; x_wconf 90' lang='lat' dir='ltr'><strong>de</strong></span> <span class='ocrx_word' id='word_1_69' title='bbox 762 1357 869 1424; x_wconf 91' lang='lat' dir='ltr'><strong>puppe</strong></span> <span class='ocrx_word' id='word_1_70' title='bbox 892 1359 1045 1406; x_wconf 85' lang='lat' dir='ltr'><strong>serenum</strong></span> 
     </span>
     <span class='ocr_line' id='line_1_12' title="bbox 210 1435 1167 1525; baseline -0.002 -23"><span class='ocrx_word' id='word_1_71' title='bbox 210 1435 341 1502; x_wconf 84' lang='lat' dir='ltr'><strong>Emicat</strong></span> <span class='ocrx_word' id='word_1_72' title='bbox 365 1443 396 1501; x_wconf 93' lang='lat' dir='ltr'><strong>in</strong></span> <span class='ocrx_word' id='word_1_73' title='bbox 424 1436 584 1525; x_wconf 83' lang='lat' dir='ltr'><strong>pelagus,</strong></span> <span class='ocrx_word' id='word_1_74' title='bbox 611 1443 683 1502; x_wconf 91' lang='lat' dir='ltr'><strong>tuto</strong></span> <span class='ocrx_word' id='word_1_75' title='bbox 708 1457 770 1523; x_wconf 88' lang='lat' dir='ltr'><strong>per</strong></span> <span class='ocrx_word' id='word_1_76' title='bbox 794 1436 921 1501; x_wconf 87' lang='lat' dir='ltr'><strong>lubrica</strong></span> <span class='ocrx_word' id='word_1_77' title='bbox 946 1456 1086 1524; x_wconf 44' lang='lat' dir='ltr'><strong>gressu*</strong></span> <span class='ocrx_word' id='word_1_78' title='bbox 1164 1479 1167 1486; x_wconf 86' lang='lat'>·</span> 
     </span>
     <span class='ocr_line' id='line_1_13' title="bbox 210 1535 1249 1623; baseline -0.004 -21"><span class='ocrx_word' id='word_1_79' title='bbox 210 1535 327 1602; x_wconf 71' lang='lat' dir='ltr'><strong>Fertur</strong></span> <span class='ocrx_word' id='word_1_80' title='bbox 354 1555 456 1600; x_wconf 83' lang='lat' dir='ltr'><strong>ovarrs</strong></span> <span class='ocrx_word' id='word_1_81' title='bbox 480 1537 644 1622; x_wconf 88' lang='lat' dir='ltr'><strong>cbaroque</strong></span> <span class='ocrx_word' id='word_1_82' title='bbox 671 1553 845 1599; x_wconf 88' lang='lat' dir='ltr'><strong>occurrere</strong></span> <span class='ocrx_word' id='word_1_83' title='bbox 872 1539 976 1623; x_wconf 81' lang='lat' dir='ltr'><strong>gestit</strong></span> <span class='ocrx_word' id='word_1_84' title='bbox 1001 1538 1114 1599; x_wconf 79' lang='lat' dir='ltr'><strong>amico.</strong></span> <span class='ocrx_word' id='word_1_85' title='bbox 1246 1600 1249 1608; x_wconf 75' lang='grc'>,</span> 
     </span>
     <span class='ocr_line' id='line_1_14' title="bbox 210 1631 1046 1702; baseline -0.004 -5"><span class='ocrx_word' id='word_1_86' title='bbox 210 1631 255 1697; x_wconf 81' lang='lat' dir='ltr'><strong>At</strong></span> <span class='ocrx_word' id='word_1_87' title='bbox 280 1637 380 1696; x_wconf 85' lang='lat' dir='ltr'><strong>tacito</strong></span> <span class='ocrx_word' id='word_1_88' title='bbox 407 1631 571 1702; x_wconf 81' lang='lat' dir='ltr'>CHRISTI</span> <span class='ocrx_word' id='word_1_89' title='bbox 598 1639 675 1697; x_wconf 89' lang='lat' dir='ltr'><strong>nutu</strong></span> <span class='ocrx_word' id='word_1_90' title='bbox 702 1633 935 1697; x_wconf 85' lang='lat' dir='ltr'><strong>increbescere</strong></span> <span class='ocrx_word' id='word_1_91' title='bbox 959 1636 1046 1696; x_wconf 92' lang='lat' dir='ltr'><strong>venti</strong></span> 
     </span>
     <span class='ocr_line' id='line_1_15' title="bbox 210 1727 1112 1817; baseline -0.004 -23"><span class='ocrx_word' id='word_1_92' title='bbox 210 1729 375 1816; x_wconf 83' lang='lat' dir='ltr'><strong>Impetus,</strong></span> <span class='ocrx_word' id='word_1_93' title='bbox 400 1737 435 1794; x_wconf 90' lang='lat' dir='ltr'><strong>et</strong></span> <span class='ocrx_word' id='word_1_94' title='bbox 460 1735 590 1817; x_wconf 78' lang='lat' dir='ltr'><strong>positos</strong></span> <span class='ocrx_word' id='word_1_95' title='bbox 616 1735 734 1794; x_wconf 88' lang='lat' dir='ltr'><strong>iterum</strong></span> <span class='ocrx_word' id='word_1_96' title='bbox 760 1727 964 1811; x_wconf 86' lang='lat' dir='ltr'><strong>suspendere</strong></span> <span class='ocrx_word' id='word_1_97' title='bbox 989 1728 1112 1794; x_wconf 88' lang='lat' dir='ltr'><strong>fluctus</strong></span> 
     </span>
     <span class='ocr_line' id='line_1_16' title="bbox 210 1825 932 1910; baseline -0.001 -19"><span class='ocrx_word' id='word_1_98' title='bbox 210 1826 342 1910; x_wconf 88' lang='lat' dir='ltr'><strong>locipit:</strong></span> <span class='ocrx_word' id='word_1_99' title='bbox 370 1833 469 1892; x_wconf 83' lang='lat' dir='ltr'><strong>exciti</strong></span> <span class='ocrx_word' id='word_1_100' title='bbox 495 1825 647 1891; x_wconf 85' lang='lat' dir='ltr'><strong>turbatas</strong></span> <span class='ocrx_word' id='word_1_101' title='bbox 672 1826 834 1890; x_wconf 88' lang='lat' dir='ltr'><strong>inhorruit</strong></span> <span class='ocrx_word' id='word_1_102' title='bbox 859 1831 932 1890; x_wconf 86' lang='lat' dir='ltr'><strong>atra</strong></span> 
     </span>
     <span class='ocr_line' id='line_1_17' title="bbox 209 1922 1182 2010; baseline -0.002 -22"><span class='ocrx_word' id='word_1_103' title='bbox 209 1922 425 2008; x_wconf 87' lang='lat' dir='ltr'><strong>Tempestate</strong></span> <span class='ocrx_word' id='word_1_104' title='bbox 451 1925 544 2004; x_wconf 86' lang='lat' dir='ltr'><strong>freti,</strong></span> <span class='ocrx_word' id='word_1_105' title='bbox 570 1929 743 2010; x_wconf 89' lang='lat' dir='ltr'><strong>pietasque</strong></span> <span class='ocrx_word' id='word_1_106' title='bbox 772 1928 923 1988; x_wconf 83' lang='lat' dir='ltr'><strong>animosa</strong></span> <span class='ocrx_word' id='word_1_107' title='bbox 944 1926 1064 1986; x_wconf 78' lang='lat' dir='ltr'><strong>minaci</strong></span> <span class='ocrx_word' id='word_1_108' title='bbox 1125 1966 1128 1974; x_wconf 79' lang='lat'><strong>,</strong></span> <span class='ocrx_word' id='word_1_109' title='bbox 1178 1923 1182 1930; x_wconf 86' lang='lat'>&#39;</span> 
     </span>
     <span class='ocr_line' id='line_1_18' title="bbox 211 2019 1259 2108; baseline -0.001 -23"><span class='ocrx_word' id='word_1_110' title='bbox 211 2019 360 2108; x_wconf 84' lang='lat' dir='ltr'><strong>Gurgitis</strong></span> <span class='ocrx_word' id='word_1_111' title='bbox 386 2030 525 2108; x_wconf 87' lang='lat' dir='ltr'><strong>aspecta</strong></span> <span class='ocrx_word' id='word_1_112' title='bbox 552 2029 588 2088; x_wconf 93' lang='lat' dir='ltr'><strong>et</strong></span> <span class='ocrx_word' id='word_1_113' title='bbox 613 2023 721 2087; x_wconf 87' lang='lat' dir='ltr'><strong>subito</strong></span> <span class='ocrx_word' id='word_1_114' title='bbox 746 2021 935 2086; x_wconf 88' lang='lat' dir='ltr'><strong>discrimine</strong></span> <span class='ocrx_word' id='word_1_115' title='bbox 961 2023 1050 2085; x_wconf 84' lang='lat' dir='ltr'><strong>victa</strong></span> <span class='ocrx_word' id='word_1_116' title='bbox 1107 2039 1110 2046; x_wconf 75' lang='grc'>’</span> <span class='ocrx_word' id='word_1_117' title='bbox 1139 2055 1142 2063; x_wconf 79' lang='lat'>=</span> <span class='ocrx_word' id='word_1_118' title='bbox 1253 2037 1259 2052; x_wconf 80' lang='lat'><em>¹</em></span> 
     </span>
     <span class='ocr_line' id='line_1_19' title="bbox 211 2116 1182 2206; baseline -0.002 -22"><span class='ocrx_word' id='word_1_119' title='bbox 211 2118 413 2206; x_wconf 79' lang='lat' dir='ltr'><strong>Succubuit3</strong></span> <span class='ocrx_word' id='word_1_120' title='bbox 442 2120 579 2186; x_wconf 89' lang='lat' dir='ltr'><strong>medium</strong></span> <span class='ocrx_word' id='word_1_121' title='bbox 601 2118 670 2205; x_wconf 86' lang='lat' dir='ltr'><strong>jam</strong></span> <span class='ocrx_word' id='word_1_122' title='bbox 697 2117 917 2204; x_wconf 85' lang='lat' dir='ltr'><strong>circumplexa</strong></span> <span class='ocrx_word' id='word_1_123' title='bbox 941 2119 1078 2202; x_wconf 84' lang='lat' dir='ltr'><strong>parabat</strong></span> <span class='ocrx_word' id='word_1_124' title='bbox 1131 2116 1135 2129; x_wconf 89' lang='lat'>&#39;</span> <span class='ocrx_word' id='word_1_125' title='bbox 1168 2135 1182 2162; x_wconf 51' lang='grc' dir='ltr'><strong>ι</strong></span> 
     </span>
     <span class='ocr_line' id='line_1_20' title="bbox 211 2215 997 2302; baseline -0.001 -23"><span class='ocrx_word' id='word_1_126' title='bbox 211 2215 303 2280; x_wconf 88' lang='lat' dir='ltr'><strong>Unda</strong></span> <span class='ocrx_word' id='word_1_127' title='bbox 328 2223 488 2302; x_wconf 88' lang='lat' dir='ltr'><strong>impacato</strong></span> <span class='ocrx_word' id='word_1_128' title='bbox 515 2223 631 2284; x_wconf 83' lang='lat' dir='ltr'><strong>victrix</strong></span> <span class='ocrx_word' id='word_1_129' title='bbox 657 2217 800 2302; x_wconf 89' lang='lat' dir='ltr'><strong>sepelire</strong></span> <span class='ocrx_word' id='word_1_130' title='bbox 825 2215 997 2300; x_wconf 83' lang='lat' dir='ltr'><strong>profundo.</strong></span> 
     </span>
     <span class='ocr_line' id='line_1_21' title="bbox 211 2311 1179 2396; baseline -0.003 -18"><span class='ocrx_word' id='word_1_131' title='bbox 211 2312 271 2378; x_wconf 91' lang='lat' dir='ltr'><strong>llle</strong></span> <span class='ocrx_word' id='word_1_132' title='bbox 297 2322 405 2378; x_wconf 89' lang='lat' dir='ltr'><strong>autem</strong></span> <span class='ocrx_word' id='word_1_133' title='bbox 431 2324 596 2380; x_wconf 85' lang='lat' dir='ltr'><strong>astantem</strong></span> <span class='ocrx_word' id='word_1_134' title='bbox 623 2316 795 2380; x_wconf 89' lang='lat' dir='ltr'><strong>Dominum</strong></span> <span class='ocrx_word' id='word_1_135' title='bbox 820 2314 964 2376; x_wconf 88' lang='lat' dir='ltr'><strong>clamore</strong></span> <span class='ocrx_word' id='word_1_136' title='bbox 990 2311 1145 2396; x_wconf 87' lang='lat' dir='ltr'><strong>supremo</strong></span> <span class='ocrx_word' id='word_1_137' title='bbox 1176 2329 1179 2334; x_wconf 86' lang='lat'>·</span> 
     </span>
     <span class='ocr_line' id='line_1_22' title="bbox 213 2405 1128 2497; baseline 0.001 -25"><span class='ocrx_word' id='word_1_138' title='bbox 213 2408 412 2474; x_wconf 90' lang='lat' dir='ltr'><strong>Solicitaos:</strong></span> <span class='ocrx_word' id='word_1_139' title='bbox 440 2433 480 2475; x_wconf 91' lang='lat' dir='ltr'><strong>en</strong></span> <span class='ocrx_word' id='word_1_140' title='bbox 507 2431 658 2497; x_wconf 82' lang='lat' dir='ltr'><strong>mergor,</strong></span> <span class='ocrx_word' id='word_1_141' title='bbox 684 2416 748 2492; x_wconf 87' lang='lat' dir='ltr'><strong>ait,</strong></span> <span class='ocrx_word' id='word_1_142' title='bbox 775 2405 935 2473; x_wconf 80' lang='lat' dir='ltr'><strong>miserere</strong></span> <span class='ocrx_word' id='word_1_143' title='bbox 959 2412 1128 2494; x_wconf 80' lang='lat' dir='ltr'><strong>piamque·</strong></span> 
     </span>
     <span class='ocr_line' id='line_1_23' title="bbox 214 2504 1248 2592; baseline 0.006 -26"><span class='ocrx_word' id='word_1_144' title='bbox 214 2504 354 2592; x_wconf 81' lang='lat' dir='ltr'><strong>Porrige</strong></span> <span class='ocrx_word' id='word_1_145' title='bbox 381 2506 554 2576; x_wconf 73' lang='lat' dir='ltr'>CHRISTE</span> <span class='ocrx_word' id='word_1_146' title='bbox 581 2527 709 2571; x_wconf 89' lang='lat' dir='ltr'><strong>manum</strong></span> <span class='ocrx_word' id='word_1_147' title='bbox 733 2509 965 2591; x_wconf 87' lang='lat' dir='ltr'><strong>praesentique</strong></span> <span class='ocrx_word' id='word_1_148' title='bbox 990 2509 1083 2590; x_wconf 89' lang='lat' dir='ltr'><strong>eripe</strong></span> <span class='ocrx_word' id='word_1_149' title='bbox 1105 2507 1209 2572; x_wconf 89' lang='lat' dir='ltr'><strong>morti.</strong></span> <span class='ocrx_word' id='word_1_150' title='bbox 1245 2546 1248 2554; x_wconf 80' lang='lat'><strong>,</strong></span> 
     </span>
     <span class='ocr_line' id='line_1_24' title="bbox 213 2599 1151 2689; baseline 0.004 -25"><span class='ocrx_word' id='word_1_151' title='bbox 213 2599 372 2668; x_wconf 83' lang='lat' dir='ltr'><strong>Orantem</strong></span> <span class='ocrx_word' id='word_1_152' title='bbox 398 2604 513 2668; x_wconf 85' lang='lat' dir='ltr'><strong>dextra</strong></span> <span class='ocrx_word' id='word_1_153' title='bbox 540 2610 689 2688; x_wconf 84' lang='lat' dir='ltr'><strong>excepit,</strong></span> <span class='ocrx_word' id='word_1_154' title='bbox 709 2602 777 2687; x_wconf 91' lang='lat' dir='ltr'><strong>jam</strong></span> <span class='ocrx_word' id='word_1_155' title='bbox 799 2601 932 2689; x_wconf 86' lang='lat' dir='ltr'><strong>jamque</strong></span> <span class='ocrx_word' id='word_1_156' title='bbox 959 2605 1021 2670; x_wconf 76' lang='lat' dir='ltr'><strong>aab</strong></span> <span class='ocrx_word' id='word_1_157' title='bbox 1047 2604 1151 2670; x_wconf 85' lang='lat' dir='ltr'><strong>undas</strong></span> 
     </span>
     <span class='ocr_line' id='line_1_25' title="bbox 211 2698 1143 2790; baseline 0.003 -27"><span class='ocrx_word' id='word_1_158' title='bbox 211 2698 477 2766; x_wconf 90' lang='lat' dir='ltr'><strong>Descendentem</strong></span> <span class='ocrx_word' id='word_1_159' title='bbox 503 2701 597 2766; x_wconf 90' lang='lat' dir='ltr'><strong>avido</strong></span> <span class='ocrx_word' id='word_1_160' title='bbox 623 2702 733 2790; x_wconf 79' lang='lat' dir='ltr'><strong>pelagi</strong></span> <span class='ocrx_word' id='word_1_161' title='bbox 763 2700 803 2766; x_wconf 91' lang='lat' dir='ltr'><strong>de</strong></span> <span class='ocrx_word' id='word_1_162' title='bbox 829 2706 964 2789; x_wconf 80' lang='lat' dir='ltr'><strong>gurgite</strong></span> <span class='ocrx_word' id='word_1_163' title='bbox 989 2708 1098 2768; x_wconf 84' lang='lat' dir='ltr'><strong>traxit.</strong></span> <span class='ocrx_word' id='word_1_164' title='bbox 1141 2745 1143 2752; x_wconf 44' lang='grc' dir='ltr'><strong>ι</strong></span> 
     </span>
     <span class='ocr_line' id='line_1_26' title="bbox 211 2795 1141 2886; baseline 0.003 -26"><span class='ocrx_word' id='word_1_165' title='bbox 211 2795 256 2860; x_wconf 89' lang='lat' dir='ltr'><strong>Ut</strong></span> <span class='ocrx_word' id='word_1_166' title='bbox 280 2801 384 2882; x_wconf 91' lang='lat' dir='ltr'><strong>primo</strong></span> <span class='ocrx_word' id='word_1_167' title='bbox 408 2799 552 2885; x_wconf 86' lang='lat' dir='ltr'><strong>cymbam</strong></span> <span class='ocrx_word' id='word_1_168' title='bbox 577 2806 702 2885; x_wconf 86' lang='lat' dir='ltr'><strong>pressit</strong></span> <span class='ocrx_word' id='word_1_169' title='bbox 727 2799 828 2886; x_wconf 90' lang='lat' dir='ltr'><strong>pede,</strong></span> <span class='ocrx_word' id='word_1_170' title='bbox 856 2800 998 2866; x_wconf 87' lang='lat' dir='ltr'><strong>concidit</strong></span> <span class='ocrx_word' id='word_1_171' title='bbox 1024 2800 1141 2864; x_wconf 86' lang='lat' dir='ltr'><strong>horror</strong></span> 
     </span>
     <span class='ocr_line' id='line_1_27' title="bbox 212 2891 1080 2979; baseline 0.007 -23"><span class='ocrx_word' id='word_1_172' title='bbox 212 2891 398 2979; x_wconf 82' lang='lat' dir='ltr'><strong>Aequoris,</strong></span> <span class='ocrx_word' id='word_1_173' title='bbox 426 2907 460 2963; x_wconf 89' lang='lat' dir='ltr'><strong>et</strong></span> <span class='ocrx_word' id='word_1_174' title='bbox 486 2905 593 2964; x_wconf 78' lang='lat' dir='ltr'><strong>versis</strong></span> <span class='ocrx_word' id='word_1_175' title='bbox 619 2904 701 2964; x_wconf 86' lang='lat' dir='ltr'><strong>ratis</strong></span> <span class='ocrx_word' id='word_1_176' title='bbox 727 2904 759 2964; x_wconf 91' lang='lat' dir='ltr'><strong>in</strong></span> <span class='ocrx_word' id='word_1_177' title='bbox 786 2903 948 2962; x_wconf 87' lang='lat' dir='ltr'><strong>contraria</strong></span> <span class='ocrx_word' id='word_1_178' title='bbox 973 2902 1080 2963; x_wconf 90' lang='lat' dir='ltr'><strong>ventis</strong></span> 
     </span>
     <span class='ocr_line' id='line_1_28' title="bbox 213 2988 932 3064; baseline 0.011 -10"><span class='ocrx_word' id='word_1_179' title='bbox 213 2988 333 3058; x_wconf 81' lang='lat' dir='ltr'><strong>Evolat</strong></span> <span class='ocrx_word' id='word_1_180' title='bbox 359 3001 393 3058; x_wconf 93' lang='lat' dir='ltr'><strong>et</strong></span> <span class='ocrx_word' id='word_1_181' title='bbox 418 3001 505 3061; x_wconf 92' lang='lat' dir='ltr'><strong>notis</strong></span> <span class='ocrx_word' id='word_1_182' title='bbox 531 3017 654 3064; x_wconf 84' lang='lat' dir='ltr'><strong>secure</strong></span> <span class='ocrx_word' id='word_1_183' title='bbox 677 2995 829 3062; x_wconf 85' lang='lat' dir='ltr'><strong>allabitur</strong></span> <span class='ocrx_word' id='word_1_184' title='bbox 853 2999 932 3062; x_wconf 85' lang='lat' dir='ltr'><strong>oris.</strong></span> 
     </span>
    </p>
   </div>
   <div class='ocr_carea' id='block_1_6' title="bbox 212 3185 1285 4056">
    <p class='ocr_par' dir='ltr' id='par_1_8' title="bbox 212 3185 1285 4056">
     <span class='ocr_line' id='line_1_29' title="bbox 312 3185 1266 3276; baseline 0.007 -22"><span class='ocrx_word' id='word_1_185' title='bbox 312 3188 532 3276; x_wconf 73' lang='lat' dir='ltr'><strong>ecquonam</strong></span> <span class='ocrx_word' id='word_1_186' title='bbox 559 3211 578 3254; x_wconf 87' lang='lat' dir='ltr'><strong>a</strong></span> <span class='ocrx_word' id='word_1_187' title='bbox 605 3197 692 3254; x_wconf 85' lang='lat' dir='ltr'><strong>terra</strong></span> <span class='ocrx_word' id='word_1_188' title='bbox 712 3187 781 3272; x_wconf 90' lang='lat' dir='ltr'><strong>jam</strong></span> <span class='ocrx_word' id='word_1_189' title='bbox 808 3185 984 3269; x_wconf 88' lang='lat' dir='ltr'><strong>solvimus,</strong></span> <span class='ocrx_word' id='word_1_190' title='bbox 1017 3187 1085 3254; x_wconf 85' lang='lat' dir='ltr'><strong>alta</strong></span> <span class='ocrx_word' id='word_1_191' title='bbox 1109 3203 1266 3262; x_wconf 86' lang='lat' dir='ltr'><strong>secantes</strong></span> 
     </span>
     <span class='ocr_line' id='line_1_30' title="bbox 214 3283 1043 3371; baseline 0.001 -22"><span class='ocrx_word' id='word_1_192' title='bbox 214 3285 355 3350; x_wconf 83' lang='lat' dir='ltr'><strong>Caerula</strong></span> <span class='ocrx_word' id='word_1_193' title='bbox 380 3286 472 3351; x_wconf 79' lang='lat' dir='ltr'><strong>felici</strong></span> <span class='ocrx_word' id='word_1_194' title='bbox 494 3292 642 3371; x_wconf 81' lang='lat' dir='ltr'><strong>auspicio</strong></span> <span class='ocrx_word' id='word_1_195' title='bbox 669 3290 843 3368; x_wconf 89' lang='lat' dir='ltr'><strong>ventisque</strong></span> <span class='ocrx_word' id='word_1_196' title='bbox 870 3283 1043 3350; x_wconf 85' lang='lat' dir='ltr'><strong>secundis:</strong></span> 
     </span>
     <span class='ocr_line' id='line_1_31' title="bbox 214 3380 1278 3470; baseline 0.004 -26"><span class='ocrx_word' id='word_1_197' title='bbox 214 3381 301 3446; x_wconf 80' lang='lat' dir='ltr'><strong>Ante</strong></span> <span class='ocrx_word' id='word_1_198' title='bbox 327 3383 550 3469; x_wconf 82' lang='lat' dir='ltr'><strong>Capbarnaeis</strong></span> <span class='ocrx_word' id='word_1_199' title='bbox 577 3403 673 3470; x_wconf 90' lang='lat' dir='ltr'><strong>quam</strong></span> <span class='ocrx_word' id='word_1_200' title='bbox 699 3401 828 3468; x_wconf 89' lang='lat' dir='ltr'><strong>proram</strong></span> <span class='ocrx_word' id='word_1_201' title='bbox 855 3380 1055 3446; x_wconf 80' lang='lat' dir='ltr'><strong>advertimus</strong></span> <span class='ocrx_word' id='word_1_202' title='bbox 1078 3389 1164 3464; x_wconf 82' lang='lat' dir='ltr'><strong>oris,</strong></span> <span class='ocrx_word' id='word_1_203' title='bbox 1276 3380 1278 3390; x_wconf 85' lang='lat'>&#39;</span> 
     </span>
     <span class='ocr_line' id='line_1_32' title="bbox 215 3477 1170 3567; baseline 0.001 -23"><span class='ocrx_word' id='word_1_204' title='bbox 215 3477 369 3544; x_wconf 77' lang='lat' dir='ltr'><strong>ssualiter</strong></span> <span class='ocrx_word' id='word_1_205' title='bbox 397 3485 512 3544; x_wconf 88' lang='lat' dir='ltr'><strong>iratum</strong></span> <span class='ocrx_word' id='word_1_206' title='bbox 535 3480 675 3567; x_wconf 80' lang='lat' dir='ltr'><strong>pelagus</strong></span> <span class='ocrx_word' id='word_1_207' title='bbox 701 3478 887 3562; x_wconf 84' lang='lat' dir='ltr'><strong>fluctusque</strong></span> <span class='ocrx_word' id='word_1_208' title='bbox 912 3483 1074 3545; x_wconf 83' lang='lat' dir='ltr'><strong>minantes</strong></span> <span class='ocrx_word' id='word_1_209' title='bbox 1165 3521 1170 3529; x_wconf 86' lang='lat'><strong>·</strong></span> 
     </span>
     <span class='ocr_line' id='line_1_33' title="bbox 212 3573 1058 3668; baseline 0.005 -29"><span class='ocrx_word' id='word_1_210' title='bbox 212 3573 368 3662; x_wconf 78' lang='lat' dir='ltr'><strong>Fregcrit</strong></span> <span class='ocrx_word' id='word_1_211' title='bbox 394 3580 542 3668; x_wconf 64' lang='lat' dir='ltr'><strong>imperio,</strong></span> <span class='ocrx_word' id='word_1_212' title='bbox 569 3585 605 3640; x_wconf 92' lang='lat' dir='ltr'><strong>et</strong></span> <span class='ocrx_word' id='word_1_213' title='bbox 630 3574 738 3646; x_wconf 87' lang='lat' dir='ltr'><strong>subita</strong></span> <span class='ocrx_word' id='word_1_214' title='bbox 765 3574 907 3664; x_wconf 83' lang='lat' dir='ltr'><strong>caligine</strong></span> <span class='ocrx_word' id='word_1_215' title='bbox 931 3585 1058 3660; x_wconf 80' lang='lat' dir='ltr'><strong>raptem</strong></span> 
     </span>
     <span class='ocr_line' id='line_1_34' title="bbox 213 3670 1211 3760; baseline 0.002 -22"><span class='ocrx_word' id='word_1_216' title='bbox 213 3673 263 3738; x_wconf 86' lang='lat' dir='ltr'><strong>Ex</strong></span> <span class='ocrx_word' id='word_1_217' title='bbox 288 3670 526 3744; x_wconf 85' lang='lat' dir='ltr'><strong>oculis.lu&#39;eem</strong></span> <span class='ocrx_word' id='word_1_218' title='bbox 550 3673 742 3760; x_wconf 79' lang='lat' dir='ltr'><strong>caelumque</strong></span> <span class='ocrx_word' id='word_1_219' title='bbox 763 3674 949 3756; x_wconf 84' lang='lat' dir='ltr'><strong>reduxerit,</strong></span> <span class='ocrx_word' id='word_1_220' title='bbox 975 3674 1080 3743; x_wconf 78' lang='lat' dir='ltr'><strong>edem</strong></span> <span class='ocrx_word' id='word_1_221' title='bbox 1198 3687 1211 3724; x_wconf 86' lang='lat'><strong>&#39;·</strong></span> 
     </span>
     <span class='ocr_line' id='line_1_35' title="bbox 213 3765 1285 3859; baseline 0 -23"><span class='ocrx_word' id='word_1_222' title='bbox 213 3771 257 3836; x_wconf 93' lang='lat' dir='ltr'><strong>Ut</strong></span> <span class='ocrx_word' id='word_1_223' title='bbox 283 3767 395 3857; x_wconf 90' lang='lat' dir='ltr'><strong>populi</strong></span> <span class='ocrx_word' id='word_1_224' title='bbox 422 3765 572 3837; x_wconf 74' lang='lat' dir='ltr'><strong>ardorem</strong></span> <span class='ocrx_word' id='word_1_225' title='bbox 595 3780 629 3836; x_wconf 92' lang='lat' dir='ltr'><strong>et</strong></span> <span class='ocrx_word' id='word_1_226' title='bbox 652 3771 760 3836; x_wconf 89' lang='lat' dir='ltr'><strong>studia</strong></span> <span class='ocrx_word' id='word_1_227' title='bbox 785 3777 968 3856; x_wconf 85' lang='lat' dir='ltr'><strong>importuna</strong></span> <span class='ocrx_word' id='word_1_228' title='bbox 993 3780 1174 3859; x_wconf 88' lang='lat' dir='ltr'><strong>prementis</strong></span> <span class='ocrx_word' id='word_1_229' title='bbox 1207 3774 1222 3817; x_wconf 52' lang='grc' dir='ltr'><strong>ι’</strong></span> <span class='ocrx_word' id='word_1_230' title='bbox 1261 3791 1285 3818; x_wconf 59' lang='lat'><em>³</em></span> 
     </span>
     <span class='ocr_line' id='line_1_36' title="bbox 214 3869 1054 3956; baseline 0.002 -22"><span class='ocrx_word' id='word_1_231' title='bbox 214 3869 374 3950; x_wconf 73' lang='lat' dir='ltr'><strong>Fallet-et,</strong></span> <span class='ocrx_word' id='word_1_232' title='bbox 402 3875 435 3934; x_wconf 85' lang='lat' dir='ltr'><strong>et</strong></span> <span class='ocrx_word' id='word_1_233' title='bbox 460 3873 580 3953; x_wconf 89' lang='lat' dir='ltr'><strong>positis</strong></span> <span class='ocrx_word' id='word_1_234' title='bbox 606 3878 746 3956; x_wconf 92' lang='lat' dir='ltr'><strong>utroque</strong></span> <span class='ocrx_word' id='word_1_235' title='bbox 772 3875 803 3934; x_wconf 89' lang='lat' dir='ltr'><strong>in</strong></span> <span class='ocrx_word' id='word_1_236' title='bbox 829 3869 939 3935; x_wconf 88' lang='lat' dir='ltr'><strong>littore</strong></span> <span class='ocrx_word' id='word_1_237' title='bbox 965 3876 1054 3936; x_wconf 84' lang='lat' dir='ltr'><strong>vitae</strong></span> 
     </span>
     <span class='ocr_line' id='line_1_37' title="bbox 215 3963 1037 4056; baseline 0 -26"><span class='ocrx_word' id='word_1_238' title='bbox 215 3963 349 4056; x_wconf 88' lang='lat' dir='ltr'><strong>Semina</strong></span> <span class='ocrx_word' id='word_1_239' title='bbox 373 3966 531 4032; x_wconf 92' lang='lat' dir='ltr'><strong>caelestis</strong></span> <span class='ocrx_word' id='word_1_240' title='bbox 557 3967 754 4034; x_wconf 84' lang='lat' dir='ltr'><strong>diffunderet</strong></span> <span class='ocrx_word' id='word_1_241' title='bbox 779 3968 932 4049; x_wconf 89' lang='lat' dir='ltr'><strong>urbibus,</strong></span> <span class='ocrx_word' id='word_1_242' title='bbox 960 3966 1037 4031; x_wconf 88' lang='lat' dir='ltr'><strong>olim</strong></span> 
     </span>
    </p>
   </div>
   <div class='ocr_carea' id='block_1_7' title="bbox 215 4061 1068 4154">
    <p class='ocr_par' dir='ltr' id='par_1_9' title="bbox 215 4061 1068 4154">
     <span class='ocr_line' id='line_1_38' title="bbox 215 4061 1068 4154; baseline -0.002 -24"><span class='ocrx_word' id='word_1_243' title='bbox 215 4061 371 4130; x_wconf 78' lang='lat' dir='ltr'><strong>inscensu</strong></span> <span class='ocrx_word' id='word_1_244' title='bbox 396 4064 519 4131; x_wconf 91' lang='lat' dir='ltr'><strong>medias</strong></span> <span class='ocrx_word' id='word_1_245' title='bbox 545 4065 702 4132; x_wconf 85' lang='lat' dir='ltr'><strong>volitabat</strong></span> <span class='ocrx_word' id='word_1_246' title='bbox 728 4087 836 4154; x_wconf 89' lang='lat' dir='ltr'><strong>puppe</strong></span> <span class='ocrx_word' id='word_1_247' title='bbox 862 4085 923 4150; x_wconf 89' lang='lat' dir='ltr'><strong>per</strong></span> <span class='ocrx_word' id='word_1_248' title='bbox 946 4062 1068 4144; x_wconf 82' lang='lat' dir='ltr'><strong>undas,</strong></span> 
     </span>
    </p>
   </div>
   <div class='ocr_carea' id='block_1_8' title="bbox 0 0 1548 4748">
    <p class='ocr_par' dir='ltr' id='par_1_10' title="bbox 0 0 1548 4748">
     <span class='ocr_line' id='line_1_39' title="bbox 0 0 1548 4748; baseline 0 0"><span class='ocrx_word' id='word_1_249' title='bbox 0 0 1548 4748; x_wconf 95' lang='lat' dir='ltr'><strong> </strong></span> 
     </span>
    </p>
   </div>
  </div>
 </body>
</html>
