3060 4752
14 243 25 298 l
135 244 267 297 eta—aro
652 237 762 292 Llelll
783 237 859 293 lllll.

221 426 315 492 lllam
342 424 433 490 orbis
459 421 603 506 cladem,
630 423 702 488 diro
726 422 791 487 illa'
809 423 957 489 inccndio
981 433 1132 495 sensas?

223 525 292 590 (tui
317 523 488 611 gemitus?
514 525 646 608 quantis
671 519 852 586 ululatibus
879 530 971 586 astra
995 521 1164 590 lacessent

224 620 480 709 Nequicquarni‘
506 627 582 685 ruet
605 624 637 684 in
664 625 805 683 miseros
830 628 876 684 ct*
890 620 1021 704 dispare
1044 628 1162 688 mortis

223 721 402 785 Tormenta
428 723 481 782 est
503 738 567 783 uuo
597 723 770 800 corruptos
796 716 911 782 funere
938 721 1075 784 sternet.

223 817 377 904 lntegros
401 821 487 880 vitae
513 825 547 881 et
572 835 697 879 morum
723 814 887 902 probitate
913 819 1055 882 nitentes

220 914 372 980 Parcenti
398 912 546 979 nubens
571 913 700 977 flamma
723 917 916 978 notissimus
942 917 1032 999 ignis

220 1012 416 1100 Extinguat,
442 1019 512 1076 toto
537 1015 670 1096 superis
696 1016 825 1095 ingrata
849 1009 963 1075 furore

220 1112 367 1196 Corpora
390 1108 498 1190 edet,
507 1107 637 1193 justos,
666 1112 760 1193 queis
784 1106 923 1172 nondum
948 1107 1096 1174 funditus
1122 1127 1249 1172 omnem

221 1207 350 1272 Eluerit
376 1205 481 1272 labem
508 1212 654 1271 veterum
680 1205 860 1272 Metanoea
883 1205 1058 1289 malorum,

219 1305 359 1370 Parcius
384 1304 447 1368 bos
472 1308 672 1392 mulosque
698 1302 795 1385 illos,
822 1307 1020 1388 utquisque
1043 1311 1205 1384 meretur,

219 1401 398 1468 Lustrabit.
450 1401 576 1467 Cuncta
600 1407 631 1464 in
660 1407 790 1466 cineres
816 1401 1025 1483 (miserabile
1050 1400 1159 1479 dictu)

220 1498 372 1564 Crudelis
398 1499 532 1588 rediget
555 1503 607 1564 vis
633 1498 866 1584 insuperabilis
891 1505 1017 1564 aestus.

216 1679 219 1684 ¹
316 1693 477 1758 Omnibus
503 1692 703 1778 absumptis,
727 1689 891 1774 michaei,
917 1697 969 1757 cui
995 1690 1125 1758 subdita
1150 1700 1245 1778 paret

218 1789 390 1879 Aligcrum
416 1799 469 1856 tar·
492 1796 581 1855 trina
605 1790 743 1872 cohors,
769 1789 934 1859 demissus
961 1789 1099 1876 Olympo

219 1887 353 1954 Vicinos
378 1895 506 1970 terroe,
533 1894 636 1953 sociis
661 1887 880 1972 stipantibus,
906 1906 1006 1952 auras

220 1984 361 2069 Imperio
388 1987 553 2054 CHRISTI
578 1990 714 2050 insistet
736 1990 913 2069 sonituque
939 2005 1060 2050 canoro

219 2080 393 2147 Terribilis
420 2087 601 2164 perinane
628 2083 729 2148 tubae
755 2087 937 2148 exanimata
962 2083 1077 2148 citabit

219 2180 367 2264 Corpora
392 2179 431 2243 ad
456 2177 648 2244 horrendam
675 2185 821 2264 supremi
841 2179 965 2264 judicis
991 2199 1114 2245 urnam.

218 2276 347 2342 Incensi
373 2284 486 2360 partes
512 2277 698 2361 penetrabit
723 2285 864 2362 quatuor
890 2277 979 2342 orbis

218 2374 346 2441 bircae
374 2395 436 2439 vox
461 2374 550 2438 clara
575 2375 682 2440 tubae.
735 2374 833 2440 Mora
855 2373 965 2458 trulla,
993 2374 1089 2440 beata

217 2473 406 2539 coelestum
432 2470 610 2538 famulante
635 2493 730 2538 marin
758 2480 903 2558 nutuque
929 2477 1053 2556 potenti

218 2570 363 2636 Artificis
388 2577 590 2653 renovante,¹
611 2571 687 2636 olim
712 2571 865 2655 dispersa
889 2570 950 2635 sub
977 2575 1063 2636 omni

217 2665 409 2732 claudentis
436 2673 562 2752 gremio
587 2674 696 2732 terrae
721 2668 902 2754 pelagique
926 2667 1107 2752 profundo,

217 2764 379 2848 Corpora,
405 2760 595 2846 relliquiae,
622 2768 754 2828 cineres
779 2774 878 2848 atque
904 2783 1001 2847 ossa,
1029 2763 1193 2830 medullae

218 2862 418 2944 Visceraque
444 2867 479 2924 et
503 2863 612 2943 nervi,
638 2864 840 2947 sanguisque
865 2867 1016 2948 cutisque
1042 2867 1170 2944 priores

216 2958 411 3046 Agnoscent
434 2957 610 3039 Dominus,
637 2964 813 3041 aptataque
840 2955 974 3023 sedibus
1002 2957 1137 3038 iisdem,

216 3057 292 3121 Non
320 3053 540 3122 dissolvendis
567 3075 688 3139 corpus
715 3055 931 3141 compagibus
956 3055 1060 3137 idem,

217 3153 311 3219 uuor
337 3158 444 3237 prius,
471 3152 511 3216 ad
537 3172 694 3236 superos,
720 3151 852 3240 fragilis
879 3153 953 3218 dum
980 3160 1049 3220 vita
1073 3152 1243 3234 manebat,

217 3251 432 3315 constituent.
483 3249 606 3316 Laetae
632 3269 787 3333 supremo
813 3271 854 3315 ex
879 3251 1014 3317 aethere
1040 3258 1167 3316 meotes

216 3346 397 3429 Desilicnt,
424 3352 539 3412 tristes
564 3346 664 3412 Erebi
690 3349 845 3413 fumantis
872 3354 984 3432 opacis

216 3444 424 3533 Anguigenis
450 3443 588 3510 aderunt
611 3465 726 3510 manes
751 3447 966 3533 cogentibus,
992 3456 1085 3512 artus

216 3545 378 3628 Quaeque
404 3563 485 3608 suos
510 3540 643 3608 reducis
670 3542 848 3608 cumulabit
871 3563 1007 3610 munere
1033 3551 1129 3610 vitae.

87 3637 92 3646 “
216 3641 374 3706 Omnibus
399 3639 457 3704 ille
482 3645 578 3728 vigor
603 3640 817 3706 membrorum
842 3649 878 3705 et
902 3640 1005 3708 forma
1025 3642 1200 3727 juventae,

216 3737 321 3802 Quam
347 3737 463 3804 lustris
489 3758 551 3802 sex
577 3741 702 3802 exactis
728 3743 886 3804 maturior
910 3749 1003 3806 aetas

190 3833 283 3898 aput
308 3835 397 3900 dedit
422 3844 482 3900 aut
504 3836 573 3900 lato
601 3857 663 3900 con
693 3841 875 3922 intercepta
898 3836 1058 3905 dedisset.

216 3931 312 3996 Nuria
339 3953 468 4018 quoque
493 3938 547 4018 qui
575 3933 736 4019 quondam
761 3955 862 4002 sexus
884 3934 1084 4024 distinguet,
1109 3940 1143 3998 at
1168 3949 1263 3996 omne

216 4028 362 4094 Naturae
387 4035 501 4096 vitium
526 4036 559 4096 iu
585 4040 681 4118 partu
706 4038 871 4118 peremtis
895 4041 933 4098 et
957 4033 1052 4113 illae,
1081 4078 1085 4090 .
1118 4068 1121 4077 ·
1232 4080 1235 4088 ,

217 4125 309 4192 (luas
330 4126 433 4192 morbi
454 4127 627 4195 inurlerant
648 4129 815 4211 maculae,
840 4138 874 4195 et
895 4150 982 4214 quae
1005 4127 1264 4214 plumam
