3060 4752
119 211 252 263 ild-⁷87
633 209 740 262 hissa
764 209 838 262 Xlll.

204 393 345 478 Jamque
372 392 606 480 decemgemioi
633 415 760 458 seuuemo
790 393 979 486 denentiae
1005 396 1089 462 coeli

203 489 389 556 Coelituum
415 495 583 556 innumera
602 491 705 576 jndcx
732 500 911 576 praeeunte
937 513 1060 566 corona

205 589 380 652 Anricoma
404 596 521 670 septus
547 589 726 654 descendet
754 592 855 674 nube,
882 609 1001 654 serena

203 685 381 769 Majestaie
396 691 479 768 pios
503 680 650 752 hilarans
676 687 832 773 vultuque
858 707 977 751 severo

204 783 382 848 Horrorem
410 789 615 868 ingeminans
641 790 791 868 irriseris,
819 807 859 849 ea
885 784 1020 848 vulnera
1045 783 1183 870 pandet,

204 881 299 945 (luae
325 885 451 963 patriae
477 882 601 964 pridem
624 883 743 947 affixos
768 883 829 947 sub
851 883 1023 947 moenibus
1050 881 1140 947 urbis

206 977 351 1062 Accepit.
403 977 542 1044 Domino
570 979 739 1066 Aligeram
764 978 952 1044 farnulantio
979 981 1087 1046 divum

205 1076 362 1163 Agmina,
389 1074 531 1140 oliviferi
558 1099 684 1141 summo
711 1093 811 1160 snper
837 1081 913 1140 aiire
940 1084 1078 1160 montis,

203 1173 299 1237 lridis
327 1178 358 1236 in
386 1179 530 1255 speciem
556 1180 730 1258 suspensis
760 1173 917 1256 nubibus,
945 1175 1045 1238 ultum

204 1271 406 1354 component
433 1271 562 1336 solium.
616 1271 690 1336 (luo
715 1281 888 1356 postquam
915 1281 1093 1355 exceptus,
1118 1291 1253 1338 amoeno

205 1366 303 1432 Vultu
330 1372 484 1432 invitatos
511 1370 645 1435 deserta
670 1369 849 1436 ascendere
875 1381 967 1435 terra

204 1467 238 1530 ln
262 1464 402 1529 sublime
430 1466 534 1532 bonos
560 1466 728 1552 celerique
755 1488 815 1550 per
842 1471 922 1532 aiira
945 1475 1040 1553 raptu

202 1563 332 1630 iudicis
359 1562 398 1628 ad
424 1562 568 1628 dextram
596 1571 715 1643 statui,
742 1564 864 1630 furiata
889 1574 1060 1630 noeentum
1143 1605 1146 1610 -

202 1659 314 1725 Turba
339 1660 451 1744 procul
477 1661 911 1748 cernenthintabesceuiqne
938 1660 1089 1727 videndo.

203 1757 269 1845 lpsi
298 1767 426 1840 antem,
454 1758 495 1823 ad
520 1757 648 1824 laevam
674 1759 800 1824 detrusi
822 1765 971 1844 interque
997 1757 1143 1824 rebelles

203 1853 378 1940 Sulphurei
405 1862 524 1943 genios
550 1855 671 1940 Erebi,
697 1877 779 1921 nunc
805 1864 938 1922 conscia
964 1857 1120 1943 plangent

206 1954 365 2032 Pectora,
395 1974 477 2017 nunc
502 1958 631 2018 nimium
658 1959 746 2018 soris
771 1952 955 2018 ¹ululatibus
980 1973 1078 2020 aures
1168 2007 1171 2014 .

202 2049 330 2116 dudicis
358 2049 544 2116 obstructas
572 2057 760 2116 incassum
786 2051 966 2115 obtundere
993 2056 1150 2136 pergent,

202 2148 281 2212 Cum
308 2168 417 2210 coram
441 2147 579 2232 expandi
604 2147 766 2212 scelerum
792 2158 998 2212 monumenta
1023 2149 1191 2232 librosque

201 2245 354 2308 Numinis
383 2244 531 2310 articulis
558 2250 700 2330 scriptos
726 2246 860 2329 (quibus
886 2251 992 2310 omnia
1017 2252 1114 2334 gesta

202 2342 362 2426 Dictaque
387 2353 420 2406 et
445 2349 574 2408 arcanis
599 2348 730 2408 inerunt
752 2342 904 2409 meditata
928 2342 1095 2423 medullis)

181 2438 393 2525 Aspiciam,
419 2459 541 2526 seque,
568 2445 632 2527 ipsi
656 2445 753 2506 etium
778 2447 810 2505 iri
837 2461 898 2506 sua
924 2447 1060 2506 crimina
1085 2447 1193 2506 testes

201 2537 314 2618 Inviti,
341 2547 523 2622 agnoscent
549 2545 666 2604 merito
694 2537 828 2603 crudele
855 2545 1010 2625 perennis

203 2633 404 2719 Supplicium
431 2641 611 2700 incurrisse
637 2641 726 2700 necis
752 2634 941 2720 justosque,
968 2642 1114 2722 supremi

201 2730 331 2796 «Indicis
357 2731 396 2797 ad
422 2730 567 2796 dextram
593 2736 744 2816 positos,
770 2732 935 2796 stellantis
962 2733 1094 2818 Olympi

204 2827 296 2892 Atria
321 2837 355 2892 et
380 2834 504 2893 aeterni
531 2828 658 2894 laurum
684 2834 847 2894 meruisse
873 2830 1036 2913 triumphi.

203 2925 286 2991 Nam
312 2947 376 3010 quo
403 2931 542 3010 quisque
565 2930 670 3002 animo
697 2924 810 2990 tulerit
838 2927 888 2989 vel
915 2932 1016 2990 soriis
1042 2929 1175 3010 iniquae

202 3022 454 3090 Saevitiamvel
480 3024 614 3089 ridentis
641 3028 874 3108 contempserit
899 3043 998 3089 aurae

201 3119 398 3201 lllecebras,
426 3121 544 3208 quibus
570 3120 730 3207 impulsus
757 3120 885 3186 fallacis
914 3120 1044 3186 Averni*
1123 3199 1130 3214 ⁸

201 3218 354 3282 Cesserit
378 3218 523 3298 insidiis,
547 3239 696 3304 quaeque
722 3216 798 3282 olim
825 3225 855 3284 in
882 3224 1015 3284 crimina
1039 3217 1172 3301 lapsus,

203 3313 277 3379 ssuo
303 3313 419 3378 deinde
445 3315 565 3386 auxilio
592 3337 748 3400 superum
773 3322 950 3382 commissa
972 3320 1088 3399 piarit,

202 3411 360 3476 Omnibus
383 3417 539 3496 expositi,
567 3412 655 3479 dictu
683 3412 849 3494 mirabile,
876 3412 952 3476 libri

201 3508 395 3574 Ostendent.
447 3507 520 3572 Non
548 3508 605 3575 illa
630 3515 721 3594 pias,
746 3530 939 3594 quamquam
967 3509 1087 3592 effera,
1112 3515 1239 3576 menies

202 3604 344 3670 Crimina
370 3606 545 3672 turbabant
572 3613 749 3672 meritasse
775 3612 920 3693 insignia
941 3606 1068 3692 palmae

201 3701 400 3786 lmpedient,
429 3725 511 3790 quae
537 3709 611 3788 qnis
640 3701 829 3768 moribundo
857 3726 996 3788 corpore
1021 3704 1155 3770 clausus

203 3799 386 3882 Commisit,
413 3803 539 3889 qnando
567 3800 672 3866 labem
701 3801 794 3866 dolor
816 3804 983 3887 improbus
1006 3821 1133 3867 omnem

201 3893 310 3978 Elnit,
336 3906 370 3961 et
395 3909 511 3966 sancto
536 3905 640 3964 virius
664 3899 833 3966 stimulata
859 3900 983 3985 pudore

202 3991 319 4056 Acrior
344 4002 478 4061 exarsit.
529 3996 597 4062 Sed
620 4017 681 4062 nec
706 3996 879 4064 benefecta
902 4015 1034 4065 reorum

200 4089 234 4153 ln
261 4088 388 4156 laudem
415 4098 546 4159 miseris
573 4093 702 4173 cedent,
731 4115 790 4159 nec
811 4092 933 4177 judl⁰l⁸
961 4098 1039 4156 iram
1118 4183 1166 4249 ,ιθ
