3056 4758
112 253 251 306 iifl—ddi
645 247 754 302 bruun
780 249 852 302 xiv.

199 435 326 503 Obvius
352 434 545 522 aggreditur
571 441 772 500 cunctantem
798 455 883 500 voce
908 444 1072 524 rogatque

198 534 366 599 Moerorts
393 553 542 616 causam,
570 532 661 599 velut
687 538 823 598 inscios.
875 533 1014 621 Ingemit
1041 532 1099 599 illa

198 632 420 718 Ereptumque
446 631 508 696 sibi
534 636 656 715 repetit
680 632 731 696 bis
758 640 874 716 terque
899 637 1103 718 magistrum.

200 729 295 796 (duod
320 735 354 792 te
380 747 439 814 per
465 749 607 817 superos
638 745 753 794 omncs
771 747 998 815 superumque
1024 738 1211 816 parentem,

198 829 327 913 Perque
352 826 466 909 fidem,
492 833 522 890 si
548 833 652 890 restat
677 827 782 891 adbuc
808 826 1003 892 mortalibus
1026 848 1162 913 usquam

197 926 372 1008 inviolata,
399 945 502 1012 rogo,
528 930 687 990 miserere
714 929 897 1013 gementis,
930 930 1085 1006 amantis,

198 1024 342 1088 Orbatae
366 1023 541 1088 miserere!
568 1029 656 1087 etsi
685 1020 870 1088 miserabile
898 1043 1018 1106 corpus

198 1121 406 1201 Abstuleris‚
433 1121 558 1185 tumulo
585 1127 814 1185 intemeratum
842 1120 941 1184 redde
968 1122 1107 1204 mihive,

198 1221 278 1302 Dic,
306 1220 360 1284 ubi
387 1217 569 1302 depositum
597 1225 650 1284 est
673 1217 768 1284 dulce
795 1225 830 1281 et
855 1217 1066 1302 lacrymabile
1093 1219 1230 1299 furtum,

197 1318 274 1402 lpsa
298 1339 359 1381 suo
386 1317 527 1381 referam
555 1317 714 1405 frigentia
740 1315 884 1380 membra
909 1313 1110 1402 sepulchro*

198 1415 243 1480 At
269 1415 421 1479 Christus
448 1418 537 1491 (narn
566 1416 716 1480 Christus
744 1421 832 1494 erat)
861 1421 936 1478 nota
961 1413 1063 1478 induit
1091 1435 1148 1479 ora

196 1513 239 1578 Et
265 1521 423 1577 moestam
449 1533 568 1578 arcana
593 1513 780 1578 exhilarans
804 1511 976 1577 dulcedine
1002 1523 1163 1595 mentem,

197 1611 337 1676 Nomine
364 1610 547 1695 compellat.
598 1612 771 1676 Dominum
798 1610 893 1674 simul
924 1609 982 1673 illa
1008 1618 1176 1676 vocantem

198 1708 299 1774 Audit
325 1714 358 1773 et
384 1715 543 1796 agnoscit.
595 1709 675 1774 Tum
701 1709 788 1774 flexo
814 1708 939 1793 poplite
965 1730 1080 1774 sacros

198 1806 348 1872 Volvitur
373 1815 450 1872 ante
475 1807 597 1893 pedes,
625 1808 743 1873 divinis
771 1807 887 1871 oscula
913 1806 1035 1892 plantis

199 1903 362 1970 officiosa
386 1914 482 1992 parat
506 1904 683 1992 solitisque
708 1903 912 1989 amplexibus
934 1904 1049 1986 ardet,

198 2001 371 2091 stringere
394 2003 483 2068 laeta
504 2003 619 2068 Deum.
655 2003 757 2068 Vetat
778 2001 846 2084 ille,
871 2001 1063 2091 avidamque
1084 2005 1253 2085 codreens,

199 2101 365 2164 Promittit
389 2100 553 2166 desiderio
580 2108 762 2185 opportuna
787 2120 926 2164 serenus

200 2198 371 2284 Tempora.
423 2198 519 2264 Nunc
544 2198 685 2284 trepidis
711 2203 822 2282 potius
848 2198 968 2263 solatia
994 2203 1110 2262 amicis

200 2296 389 2382 impertire,
416 2302 540 2381 inquit,
567 2302 735 2382 sociisque
760 2296 845 2359 haec
869 2297 988 2384 gaudia
1014 2295 1133 2380 perfer.

201 2395 286 2460 (laid
313 2394 465 2460 iaceret?
491 2400 546 2460 vix
573 2400 736 2460 inventurn
763 2392 963 2480 reilinquere
990 2395 1104 2458 durum
1133 2404 1203 2475 est,
1231 2435 1235 2444 ·

200 2491 453 2579 indignumque,
481 2513 590 2558 rnoraa
614 2493 722 2578 jussis
749 2492 935 2557 obtendere.
988 2493 1090 2558 Abire

200 2589 266 2654 (lui
289 2598 396 2673 vetat,
423 2597 520 2676 urget
545 2610 654 2675 amor3
674 2589 772 2673 jubet
800 2598 834 2656 et
857 2598 968 2673 vetat,
995 2611 1100 2676 usque
1126 2597 1254 2655 morari.

201 2687 284 2751 Dum
310 2685 434 2752 dubitat
461 2691 620 2769 varioque
646 2707 768 2771 anceps
795 2687 972 2771 impellitur
997 2696 1110 2771 aestu,
1144 2703 1147 2712 “

201 2781 361 2848 Subduxit
386 2805 466 2848 sene
493 2791 610 2848 tenues
637 2783 771 2866 elapsus
796 2787 828 2846 in
854 2803 962 2847 auras.

260 3059 261 3062 Ἴ
297 2979 388 3067 Ergo
416 2978 533 3045 alacris
560 2979 658 3044 dictis
685 2985 778 3062 paret
801 2984 1002 3063 comitesque
1029 2984 1145 3042 revisit

200 3079 303 3143 Laeta
329 3099 426 3164 auas3
453 3099 535 3164 quas
556 3076 702 3161 jucunda
727 3081 851 3161 pietate
872 3075 1011 3160 juvabat

201 3175 300 3260 Spem
327 3176 437 3241 verbis
462 3182 606 3240 animare
633 3195 766 3256 novam,
795 3173 983 3259 viridesque
1010 3191 1070 3260 per
1096 3194 1198 3260 agros

201 3273 375 3356 Errantes,
403 3274 543 3338 domitae
571 3273 733 3338 audebant
760 3277 969 3336 crrntemnere
995 3277 1108 3336 mortis
1198 3334 1201 3342 a

201 3371 336 3456 Spicula
362 3379 396 3436 et
420 3376 567 3436 insanum
594 3391 769 3457 procerum
793 3370 900 3434 ridere
926 3369 1081 3434 furorem.

200 3469 336 3536 Talibus
362 3474 503 3532 intentas
531 3467 702 3533 offendens
729 3467 915 3554 Magdalis,
939 3485 1065 3530 ornnem

201 3567 361 3633 Exultans
387 3572 494 3654 aperit
520 3566 639 3630 domini
666 3572 835 3653 surgentis
863 3567 1019 3628 honorem

200 3665 419 3750 Erroremque
444 3685 549 3729 suum.
601 3661 713 3726 Media
737 3668 822 3728 inter
848 3661 929 3726 talia
955 3661 1057 3726 verba

200 3763 308 3828 Ecce!
333 3769 513 3848 improviso
539 3765 690 3826 attonitis
715 3781 753 3824 se
775 3765 905 3849 virgine
932 3768 1027 3825 natus

202 3859 345 3941 Obtulit,
372 3868 405 3924 et
428 3859 546 3925 blanda
572 3859 772 3944 compellans
799 3881 896 3945 voce,
926 3858 1065 3924 salutem

202 3957 360 4042 impertit.
412 3958 572 4025 Quamvis
597 3959 735 4024 nondum
762 3955 936 4043 explorata
962 3957 1126 4041 loquentis

201 4053 322 4120 Forma
347 4056 450 4137 toret,
476 4064 582 4121 tamen
608 4065 643 4121 et
668 4058 766 4122 divini
793 4055 900 4143 gloria
925 4052 1035 4120 vultos

203 4149 466 4238 ambrosiaeque
491 4174 604 4220 comae
629 4159 786 4240 vocisque
811 4160 974 4240 impressa
997 4144 1149 4214 medullis
