3056 4758
126 247 227 307 lii-9⁶
655 242 764 298 bleba
788 245 844 298 XV.
933 299 934 304 ,

310 429 372 495 llis
399 434 540 494 animum
567 435 686 494 arreeti
711 430 809 496 dietis
833 428 1027 518 blandisque
1053 432 1146 498 bend

212 526 341 592 Sideris
368 525 534 592 illecebris
558 533 678 610 tracti,
705 529 918 594 invitantibus
945 535 1028 614 ipsis

212 623 419 707 coelicolis‚·
433 624 553 690 tollunt
576 625 701 691 oeulos.
752 627 861 704 iuvet!
881 648 938 692 ora
963 633 1052 692 tueri

213 724 503 807 Membrorumque
528 745 632 789 novas
659 723 756 788 dotes
783 725 1020 810 manifestaque
1047 724 1131 790 eoeli

212 821 351 887 Munera
379 830 412 885 et
436 827 588 886 aeternae
616 821 734 888 donum
757 822 947 887 admirabile
973 823 1067 888 lueis.

310 1016 439 1081 Primus
467 1015 514 1080 ibi
539 1022 614 1082 ante
642 1036 772 1100 omnes,
800 1021 868 1081 reri
893 1037 1078 1082 suoeensus
1104 1038 1233 1100 amore,

213 1112 372 1180 Gamaliel
400 1135 519 1178 causas
544 1119 677 1199 penitus
704 1121 833 1178 tentare
859 1114 1001 1181 latentes
1106 1143 1108 1151 ι

213 1213 354 1279 Quaerit
379 1221 413 1277 et
438 1212 567 1278 infamis
594 1217 748 1296 mysteria
773 1233 912 1277 noscere
938 1218 1054 1278 trunei.

308 1405 455 1471 Maxima
480 1402 686 1472 Thariadum'
704 1407 838 1488 ductor,
861 1413 917 1494 qni
943 1414 1072 1472 numine
1097 1373 1212 1472 dextro

212 1505 361 1570 Niliacos
388 1506 486 1569 rubro
516 1505 707 1592 submergis
728 1510 759 1568 in
786 1526 931 1590 aequore
958 1527 1073 1571 currus

212 1603 424 1687 lsaoidaaque
451 1610 527 1666 tuor
554 1603 672 1668 mediis
697 1602 832 1669 deducis
856 1611 890 1668 in
918 1603 1030 1684 undis,
1062 1613 1064 1616 ’

212 1700 385 1789 Ambiguis
414 1702 572 1766 tenebras
598 1700 727 1788 depelle
752 1709 786 1764 et
812 1711 948 1788 pectora
974 1702 1086 1766 densis

212 1799 364 1863 Nubibus
391 1807 424 1862 et
450 1819 550 1862 eaeea
574 1819 655 1887 rege
682 1799 859 1885 caligantia
884 1808 992 1864 noete.

212 1895 249 1960 Si
275 1897 376 1964 Deus
404 1904 440 1961 et
465 1902 576 1984 magni
602 1903 705 1983 patris
732 1897 913 1963 indubitata
940 1917 1088 1984 propago

212 1994 406 2062 Cflaisrus
434 2003 526 2074 erat,
553 2015 688 2080 quanam
714 2017 831 2060 numen
858 2000 988 2059 ratione
1015 1996 1164 2061 feremus

212 2093 389 2176 Corporeis
417 2091 522 2155 claudi
550 2093 730 2158 membris?
757 2098 808 2157 sin
835 2100 937 2158 matre
964 2100 1094 2160 oreatus

212 2188 370 2272 Mortali,
395 2189 606 2254 moribundus
632 2190 747 2270 homo,
774 2212 859 2275 quae
885 2198 974 2253 tanta
995 2190 1129 2273 sepulto

212 2287 331 2352 Addita
358 2291 424 2368 vis,
452 2295 488 2350 ut
513 2309 551 2353 se
577 2287 643 2352 luei
670 2297 746 2372 post
773 2289 870 2352 funus
897 2287 1068 2372 ademptae

210 2384 405 2450 Restituat.o
431 2389 460 2448 si
483 2384 599 2450 deinde
626 2385 743 2452 DEUM
770 2391 903 2450 venisse
929 2385 1096 2450 fatendum
1118 2393 1172 2450 est
1216 2425 1218 2430 ,

211 2482 359 2547 llnmano
384 2480 546 2548 inclusum
572 2482 664 2547 vultu
690 2493 724 2547 et
746 2488 900 2566 poluisse
926 2489 1053 2568 perire:

213 2581 404 2644 Certamen
426 2581 490 2646 hoe
511 2581 658 2646 voluisse
680 2583 780 2646 rear.⁰
803 2602 875 2646 num
897 2581 1031 2646 eredere
1054 2581 1187 2669 dignun
1204 2591 1267 2665 eat,

212 2677 321 2742 Posse
348 2677 425 2741 milri
452 2683 627 2743 extinctum
656 2678 779 2742 erudeli
807 2678 922 2746 lunare
947 2679 1095 2760 aeson,
1159 2688 1163 2700 ’

213 2774 320 2840 (luem
346 2784 449 2863 neget
469 2783 544 2840 ante
571 2784 894 2860 neeemnequeatve
921 2776 1039 2839 afferre
1065 2775 1233 2843 salutem?

313 2970 469 3034 Dixerat:
498 2976 595 3054 atque
622 2967 669 3032 illi
693 2989 886 3053 responsum
913 2969 976 3032 hoo
1001 2967 1121 3056 legifer
1145 2969 1244 3032 heros

210 3065 380 3132 Reddidit:
405 3065 483 3130 Alta
509 3063 612 3153 petis,
641 3067 767 3149 fateor,
793 3085 1014 3153 superumque
1042 3067 1151 3130 beatis

211 3164 286 3228 Non
313 3169 443 3249 penitus
469 3165 601 3230 reclusa
629 3164 740 3228 eboris
767 3169 933 3247 mysteria.
985 3163 1106 3228 Verum

211 3263 357 3348 Tempus
384 3261 496 3344 adest,
524 3285 588 3348 quo
615 3262 714 3326 divini
740 3261 925 3348 spargenda
950 3282 1012 3345 per
1039 3260 1150 3328 orbem

211 3359 346 3449 Consilii
376 3360 552 3424 manifesta
575 3359 678 3440 fides,
705 3379 809 3446 regna
834 3363 942 3422 omnia
965 3366 1075 3424 terrae

213 3457 403 3524 Transferet
429 3462 461 3520 in
489 3456 618 3520 Domini
643 3455 740 3544 leges
766 3465 800 3521 et
826 3461 956 3520 nomina
983 3455 1158 3526 CHRISTI.

307 3651 394 3715 Ante
417 3651 557 3715 laborati
584 3655 687 3736 prima
711 3648 908 3714 incunabula
934 3650 1041 3715 mundi

211 3747 255 3811 Et
282 3748 362 3813 lucis
390 3754 563 3833 noctisque
589 3751 680 3812 vines
707 3753 911 3833 orientisque
938 3755 1032 3812 astra

210 3848 373 3910 Aeternus
400 3856 508 3912 rnatum
535 3854 628 3931 pater
655 3854 875 3934 aeternusque
901 3853 1066 3933 parentem

209 3943 314 4008 Filius
340 3953 475 4010 aeterno
503 3943 781 4030 complectebatur
807 3964 926 4010 amore.

210 4039 399 4127 suppositis
425 4063 597 4122 numerus,
624 4043 685 4108 sed
711 4041 898 4126 majestatis
923 4047 955 4105 in
982 4041 1049 4106 illis

209 4137 372 4204 lndiviaau
398 4138 504 4206 bonos
531 4139 711 4226 eademque
738 4147 885 4225 potentia
910 4144 1034 4225 regnat
