3060 4752
390 1315 605 1433 ntssun
649 1311 1148 1432 uuauuclmus..

317 1753 429 1838 Nunc
454 1783 536 1851 age,
562 1765 742 1832 Tartareas
768 1765 885 1848 sedes,
911 1765 1085 1832 inamabile
1110 1787 1248 1855 regnum

221 1860 382 1945 Luciferi,
410 1860 525 1926 audaci
550 1868 680 1949 tempus
706 1868 932 1949 perstringere
958 1881 1085 1947 penna,

220 1958 464 2044 victricemque
489 1963 626 2024 enimam
653 1958 819 2032 CHRISTI
841 1959 1028 2045 claramque
1055 1960 1116 2026 sub
1142 1967 1207 2028 ima

220 2055 355 2122 Tellure
381 2062 509 2146 egregii
535 2063 654 2122 seriem
678 2077 830 2123 reserare
856 2057 1023 2142 triumphi.

220 2152 388 2239 Auspiciis
414 2154 515 2240 baec,
542 2155 734 2237 CHRISTE,
760 2158 827 2220 tuis
854 2153 995 2239 fideique
1021 2162 1150 2222 serenis

220 2249 333 2316 Afflati
356 2251 457 2317 radiis
483 2259 666 2338 tentamus3
693 2252 814 2320 adesse
841 2259 973 2317 vocanti

174 2409 175 2414 ,
220 2349 268 2414 Te
296 2356 362 2414 vati
388 2369 469 2436 spes
491 2348 556 2413 lida
582 2356 692 2414 monet
715 2348 899 2433 facilesque
924 2349 1073 2417 daturum

221 2445 408 2531 Successus
433 2455 468 2509 et
495 2445 595 2534 plena
620 2465 701 2510 suos
727 2452 760 2511 in
786 2444 928 2512 carbasa
951 2456 1080 2513 ventos.

321 2636 446 2702 Oceani
471 2635 586 2702 subter
608 2637 727 2703 fluctus
755 2645 790 2702 et
815 2646 909 2705 vasta
934 2639 1086 2724 profundi

222 2734 368 2824 Stagna,
395 2733 614 2800 metalliferae
640 2734 756 2801 subter
781 2735 941 2821 pallentia
969 2745 1079 2803 terrae

222 2831 342 2914 Antra,
371 2830 522 2898 infelices
548 2836 619 2897 ariri
647 2839 842 2921 argentique
867 2833 1031 2917 latebras,

221 2929 282 2994 Est
305 2927 400 2996 locus
425 2930 544 2995 inferni
569 2929 716 2996 celebris
743 2936 957 3019 cognomine,
983 2937 1097 3016 opacis

220 3027 400 3094 Aeternum
427 3026 582 3114 squalens
607 3028 752 3092 tenebris
777 3035 876 3112 atque
903 3033 1012 3092 invius
1040 3035 1126 3094 omni

221 3126 394 3191 Astrorum
419 3124 488 3190 telo
515 3131 549 3188 et
575 3121 750 3188 Phoebeae
775 3122 935 3211 lampadis
960 3128 1047 3212 igni,

221 3225 390 3288 Tristitiae
415 3222 579 3306 fletusque
605 3218 729 3284 domus.
782 3219 951 3304 suspiria,
977 3221 1130 3308 planctus

221 3318 418 3404 Stridorque
442 3325 477 3383 et
502 3317 613 3382 rabies
638 3323 672 3380 et
697 3316 864 3382 terribiles
890 3316 1037 3384 ululatus

221 3414 282 3478 llic
308 3413 419 3481 sedem
447 3433 590 3500 posuere
616 3435 717 3480 suam.
769 3413 890 3479 Procul
916 3414 1028 3480 exulat
1053 3420 1158 3482 omnis

220 3510 381 3592 Laetitia,
409 3511 564 3578 exclusae
590 3510 742 3578 Charites
769 3517 924 3598 risusque
944 3509 1080 3598 jociquc

219 3604 408 3692 Blandaque
436 3607 561 3672 vocalis
587 3609 733 3675 citharae
759 3608 944 3695 plectrique
969 3609 1122 3697 loquacis

221 3705 374 3769 Carmina
397 3703 635 3792 mulcentisque
661 3712 757 3792 quies
783 3711 975 3794 gratissima
1000 3711 1116 3772 somni.

220 3802 263 3868 Et
288 3810 393 3866 tamen
419 3800 517 3878 (beul
543 3822 627 3887 quae
654 3811 743 3868 mnia
769 3809 895 3868 animos
920 3802 1083 3869 dementia
1109 3804 1242 3887 vertiti)

221 3901 370 3966 Carceris
396 3903 544 3965 immanis
570 3903 731 3983 spatium,
756 3900 918 3965 latissima
944 3898 1108 3985 claustra,

221 3995 415 4082 llospitibus
440 4003 518 4062 sunt
542 4003 633 4061 arcta
658 4002 729 4062 suis
755 4015 955 4082 rrumeroque
981 3996 1139 4063 laborant.

222 4094 352 4181 (ioippe
379 4095 598 4164 adamantaeis
625 4114 725 4180 rupes
751 4092 928 4181 Magnesia
953 4099 1043 4162 saxis
