3058 4762
652 173 893 230 ctntisi'iinos

325 357 409 424 Dum
435 359 499 424 sibi
526 357 639 444 colluti
665 367 781 422 munus
806 364 944 423 miratur
964 359 1114 442 homno,

229 455 318 520 ilaec
345 457 458 524 eodem
483 477 611 523 rursum
639 457 812 540 verbisque
838 459 980 541 exquirit
1004 458 1118 524 iisdem

227 553 453 639 Omnipotens.
505 553 626 619 Eadem
654 559 775 641 repetii
800 571 928 619 rursum
956 561 1064 621 omnia
1088 555 1208 624 Petrus

226 651 268 717 Ei
292 651 535 718 commendatos
562 658 592 716 in
621 671 728 717 curam
754 655 894 737 suscipit
919 671 1034 738 agnos.

228 747 270 812 At
294 771 391 832 vero,
419 773 490 818 cum
516 771 576 816 nec
603 753 732 838 gemino
758 754 933 814 contentus
960 756 1081 816 amoris

225 845 389 930 Tessere,
415 856 450 910 ut
475 848 667 934 ambiguus,
694 853 852 909 renovato
882 854 1029 914 examine
1055 869 1183 914 rirrsum

225 942 395 1009 Unanimis
424 945 618 1012 CHRISTUS
646 951 786 1008 mentem
813 941 1002 1030 exploraret
1027 947 1162 1026 alumni,

225 1039 382 1106 Funditus
409 1049 445 1106 ut
471 1040 562 1104 laires
588 1061 653 1126 quo
678 1060 838 1127 praeceps
865 1039 976 1128 lingua
1003 1048 1119 1108 timore

225 1139 417 1204 Perculsum
445 1137 578 1222 infecit,
608 1138 729 1224 tripiici
756 1137 924 1204 einereim·
950 1147 1070 1206 amoris

224 1237 349 1302 Testati
377 1236 509 1300 detersa
534 1235 615 1319 fide,
642 1243 758 1322 stupet
784 1241 901 1300 annius
928 1236 985 1302 ille

224 1334 447 1420 consiliisque
477 1339 581 1398 minor
609 1333 833 1414 coelestibus,
861 1339 969 1399 omnin
994 1335 1127 1400 demens

224 1431 308 1496 Tuta
334 1435 445 1512 timet,
473 1452 655 1518 inagnoque
681 1436 818 1496 arrimnm
846 1439 1001 1498 versante
1027 1433 1185 1516 tumultu,

225 1527 287 1595 Vix
313 1529 442 1596 tandem
471 1529 554 1594 haec
580 1529 708 1614 trepido
733 1530 890 1594 corriosus
917 1528 1044 1595 rettulit
1068 1550 1141 1596 ore:

321 1723 408 1789 Naie
434 1723 535 1806 Duo,
563 1723 653 1788 claro
679 1729 734 1810 qui
761 1727 926 1806 conspicis
952 1728 1060 1788 omnia
1086 1723 1195 1805 vultu,

222 1822 273 1886 Tu
298 1822 395 1903 milri,
423 1830 459 1885 tn
486 1825 585 1886 toties
613 1827 736 1886 asserti
763 1825 861 1884 testis
887 1823 1019 1884 amoris.

223 1920 382 1984 Continuo
410 1925 636 2002 omnipotens,
663 1940 723 1983 non
753 1916 838 1982 ultra
865 1937 985 2004 passus
1010 1923 1147 1984 amicum
1272 1939 1276 1944 ·

224 2014 393 2081 Solicitum
423 2017 562 2100 pendere
589 2021 686 2082 enimi
714 2038 754 2082 ac
777 2033 977 2100 aegrescere
1004 2021 1111 2096 curis,

224 2112 424 2195 subridens,
451 2113 510 2178 illo
536 2135 601 2199 quo
628 2121 788 2198 temperat
812 2118 919 2176 ninnie
947 2109 1054 2196 vultu,

66 2215 73 2228 '
132 2251 134 2258 ·
224 2209 487 2297 spumantesque
513 2215 631 2300 premit
656 2216 761 2276 veritis
788 2209 1009 2298 pugnantibus
1035 2209 1157 2274 undas:

323 2405 413 2468 Pone
438 2412 562 2484 ineius,
590 2408 710 2487 inquit,
737 2403 962 2489 imbutamque
988 2407 1082 2490 erige
1108 2411 1257 2472 mentem.

223 2499 312 2565 Nolo
334 2501 412 2564 milri
437 2510 511 2584 tua,
536 2503 654 2580 Petne,
681 2499 763 2566 fides
790 2507 1003 2586 animosaque
1031 2507 1153 2584 virtus,

222 2595 264 2662 Et
289 2597 409 2682 quibus
436 2606 508 2661 urat
533 2619 623 2663 amor
648 2598 843 2683 praecordio
869 2597 978 2662 vivida
1003 2597 1147 2664 flammis.

222 2693 331 2781 Atque
359 2695 452 2778 ideo,
480 2716 561 2781 quae
589 2694 774 2784 pollicitus,
802 2697 875 2761 dum
902 2700 970 2759 viia
997 2705 1154 2762 cruentae

223 2789 414 2875 0bjicienda
441 2799 511 2858 neci
538 2791 689 2859 mortalia
715 2795 858 2860 membra
885 2791 1050 2873 inurebat,

221 2889 389 2970 Praemia,
414 2890 564 2956 stellatas
584 2889 653 2974 jam
679 2891 890 2956 discessurus
916 2895 947 2952 in
974 2909 1068 2954 arces

223 2987 420 3052 Persoivam.
473 2988 628 3053 Geminae
652 3011 768 3052 munus
795 2986 982 3053 venerabile
1007 2986 1109 3052 clavis

223 3083 344 3170 Accipe
371 3094 404 3149 et
430 3086 482 3150 bis
509 3089 612 3150 nostri
639 3091 743 3171 pretio
772 3084 936 3172 patefacta
963 3089 1090 3148 cruoris

222 3181 377 3249 Aetherei
405 3201 519 3248 resera
544 3187 709 3247 merituris
739 3181 850 3246 limine
876 3187 968 3267 regni

222 3277 328 3363 Atque
353 3279 464 3344 eudem
490 3280 633 3366 indignis
657 3278 783 3344 claude.
836 3279 962 3344 Exhinc
985 3275 1078 3344 cedet
1101 3283 1133 3342 iu
1158 3298 1273 3346 uerum

221 3372 364 3438 Arbitrio
386 3376 442 3459 jus
471 3397 564 3442 ornare
590 3386 647 3440 tuo
675 3376 823 3462 coelique
849 3375 987 3461 solique.

220 3470 313 3534 ssuas
340 3491 404 3558 ego
430 3473 581 3537 Tartarei
608 3477 712 3536 victor
738 3473 777 3538 de
804 3473 952 3538 faucibus
980 3469 1059 3535 Orci

219 3567 372 3648 Extorsi,
398 3578 431 3632 et
457 3591 556 3634 roseo
583 3575 725 3636 moriens
752 3575 782 3634 in
809 3575 971 3657 sanguine
996 3568 1078 3632 clavi

219 3665 341 3732 Pastor
368 3686 462 3748 oves,
490 3666 633 3751 fideique
660 3675 736 3732 inae
760 3688 925 3753 curaeque
950 3665 1107 3734 recedens

219 3763 426 3828 Commendo.
479 3764 683 3849 Quocunque
709 3763 801 3846 solo,
828 3782 1020 3850 quacunque
1047 3781 1221 3846 perennem

219 3857 307 3924 Urbe
334 3860 393 3924 tibi
420 3861 532 3926 sedern
558 3867 833 3945 successorisque
856 3880 915 3944 per
940 3877 1065 3924 omanem

219 3953 433 4021 praescimus
459 3959 545 4045 figes
573 3965 708 4020 venturu
732 3963 762 4022 in
791 3945 927 4022 saecula
952 3975 1080 4020 cursum

219 4049 390 4133 Temporis
419 4054 561 4132 occidui,
589 4049 644 4115 illa
672 4058 752 4118 meis
778 4052 911 4117 fundata
937 4057 1068 4136 tuisque
