3060 4752
648 207 891 266 Cllle'l'lADoS

232 393 379 461 Caesarii
405 400 522 482 ospitis
548 395 696 463 diadema
720 399 849 464 ornabit
872 406 906 465 et
930 404 1003 484 ipsa

232 494 378 560 culmina
403 493 599 581 templorum
625 494 718 560 coelo
746 501 852 563 vicina
877 503 1089 592 superstans,

231 591 372 659 Attollet
394 589 526 678 fulgore
552 615 646 659 novo.
699 593 909 660 coelestibus
935 599 1000 659 aeti

231 690 395 779 Prodigiis
421 691 633 777 Thracesque
659 694 901 778 sagittiferique
928 691 1064 773 Geloni,

231 790 274 854 Et
299 794 329 852 si
354 809 439 876 quae
466 798 591 874 septem
618 788 766 854 damnata
791 790 954 854 trionibus
980 789 1057 854 illos

231 886 392 952 Barbarie
419 905 501 973 geos
528 893 702 969 exuperat,
730 907 964 952 mansuescere
992 888 1140 969 dissent,

203 971 454 1050 'Christianum
480 1003 593 1047 sacras
620 989 711 1048 tincti
737 982 932 1050 lustralibus
957 985 1052 1051 undis

232 1082 396 1168 dilatique
424 1085 550 1144 animos
576 1080 673 1146 divini
701 1087 840 1148 numinis
867 1103 964 1164 aura,

232 1181 405 1264 Accipient
430 1177 524 1265 leges
551 1178 721 1264 divinaque
740 1177 839 1262 jussu
865 1189 1051 1266 capessent.

233 1278 383 1358 Attamen
410 1284 445 1340 ut
470 1277 565 1340 viridi
593 1283 679 1342 vites
706 1279 854 1364 fugiente
876 1277 1016 1362 juvente

232 1376 459 1464 Degenerem,
487 1375 651 1462 urbesque
675 1383 743 1442 situ
770 1381 930 1462 senioque
956 1375 1123 1441 laborant:

233 1474 290 1538 Sic
316 1471 399 1538 adeo
424 1471 542 1537 mundo
569 1479 600 1536 in
628 1480 753 1538 senium
781 1483 938 1560 vergente
965 1473 1092 1558 tepebit

233 1572 423 1636 Primaevus
449 1576 585 1656 pietatis
612 1593 702 1637 arnor
728 1571 939 1657 collapsaque
966 1591 1100 1636 avorum

232 1669 445 1757 Langueseet
468 1675 571 1733 virtus
599 1674 842 1754 animorumque
867 1671 1009 1735 eutbeus
1035 1669 1133 1733 ardor

234 1767 371 1852 Sopitos
397 1767 524 1833 tandem
549 1771 581 1832 in
611 1773 739 1832 eineres
765 1767 933 1833 resolutus
958 1768 1071 1832 abibit.

234 1864 419 1930 Sueeedent
445 1871 556 1930 variae
584 1875 715 1950 pestes,
746 1885 920 1930 numerosa
946 1865 1100 1930 malarum

233 1964 394 2029 Heresion
421 1963 573 2046 soboles,
601 1963 687 2028 Orco
714 1962 918 2046 effundente,
946 1964 1007 2030 snb
1035 1981 1133 2026 uurns

233 2062 408 2147 Erurnpet3
436 2069 546 2126 terrae
572 2061 707 2145 affixas,
735 2062 930 2128 coelestium
956 2068 1089 2141 inanes,

233 2160 378 2227 Deludet
407 2159 534 2224 blandis
559 2168 685 2226 mentes
711 2161 811 2226 infixa
837 2167 971 2226 venenis

233 2260 389 2324 lusatiatn
416 2257 519 2324 fames
546 2265 634 2340 euri,
661 2259 855 2323 ambitiosus
882 2261 1040 2326 bonorum

118 2409 125 2421 ,
233 2357 268 2422 ln
296 2376 454 2442 praeceps
481 2355 627 2438 impellet
653 2377 762 2437 amor,
789 2356 956 2422 malesana
980 2356 1081 2423 libido

236 2455 390 2519 lneeudet
416 2454 542 2538 Stygiis
570 2458 734 2536 torpentia
760 2461 898 2536 pectora
921 2455 1073 2518 flammis.

234 2551 309 2615 Non
336 2559 443 2614 tamen
470 2569 643 2636 emergens
670 2550 769 2616 erebo
797 2559 832 2615 et
858 2551 1035 2618 liventibus
1061 2549 1183 2636 Hydria

128 2729 133 2736 μ
236 2649 393 2736 lrnpietas
419 2655 560 2731 armata,
588 2655 644 2712 aut
668 2654 752 2714 recti
782 2647 876 2713 devia
903 2669 1027 2715 rnorem

236 2747 433 2832 improbitas
459 2754 647 2834 expugnata
672 2750 795 2831 pietate
821 2748 1018 2834 triumphum

237 2844 412 2910 Audebunt
436 2865 583 2928 sperare.
635 2843 735 2910 Fides
761 2845 851 2909 velut
876 2847 1010 2933 ignibus
1036 2865 1147 2910 aurum

236 2943 415 3009 Exenctum
441 2949 574 3027 penitus
601 2943 759 3031 fulgebit:
787 2951 823 3007 ut
849 2943 983 3008 horrida
1010 2949 1149 3020 messis,

239 3042 342 3108 Quam
370 3042 470 3106 durae
495 3046 615 3105 trivere
640 3061 773 3122 manus,
800 3041 992 3126 paleamque
1019 3041 1178 3126 levesque

236 3142 280 3206 llt
306 3148 404 3205 vento
432 3147 465 3206 et
489 3139 630 3206 flammis
657 3138 799 3224 stipulas
823 3147 967 3226 purgata
991 3138 1164 3224 relinquet.
1192 3197 1195 3202 ,

238 3239 376 3324 Semper
401 3244 496 3303 erunt
521 3257 626 3302 venae
653 3235 799 3300 melioris
825 3245 980 3322 pectora,
1008 3257 1144 3320 quorum

238 3335 392 3421 Imperio,
421 3333 599 3420 exemplis,
626 3333 801 3420 precibus,
828 3337 1010 3417 sapientia,
1036 3338 1143 3398 inanis

239 3433 380 3497 corruet
404 3433 521 3498 inferni
547 3431 658 3513 labor,
686 3440 720 3496 et
746 3429 936 3497 malesuada
969 3431 1111 3497 furentis

238 3527 403 3612 Consilia,
431 3536 593 3613 oppositis
620 3529 762 3594 iniuncta
787 3548 969 3616 eversaque
995 3528 1096 3606 telis,

239 3628 274 3692 ln
301 3624 436 3692 nihilum
461 3627 615 3691 recident.
668 3627 765 3692 Vires
791 3635 889 3714 atque
914 3649 1005 3692 arma
1030 3626 1179 3712 probatis

240 3724 404 3792 Militibus
430 3722 533 3787 nitido
560 3725 727 3791 submittet
753 3725 793 3788 ab
819 3725 957 3792 aethere
984 3725 1191 3794 Cflkisws.

339 3918 383 3986 At
409 3937 490 3984 vero
518 3925 554 3982 ut
576 3917 731 4004 jamjam
757 3922 916 4003 posituris
942 3917 1056 3983 ultime
1080 3924 1187 3984 verutis

239 4016 359 4084 Flabra
384 4021 468 4084 omni
495 4015 635 4083 strident
651 4015 791 4082 tollenti
820 4014 959 4082 turbinis
982 4021 1049 4098 ira,

243 4116 503 4208 Supremumque
529 4137 611 4184 sono
636 4120 758 4182 tonitru
783 4110 905 4198 mejore
931 4119 1104 4181 nnrusentz
