3082 4746
140 229 272 282 roo-mn
343 191 346 196 ’
673 231 781 295 ursan
804 233 875 286 vrn.
935 288 939 296 ,

228 414 391 500 lngcmnit
412 413 508 479 dietis
527 413 632 498 judex
658 423 692 479 et
717 416 867 482 turbidus
892 423 955 483 ira:

176 532 181 539 ·
228 513 297 576 Vos
323 517 433 597 potius
460 517 549 577 tristi
574 519 770 578 immeritum
794 514 940 604 suffigitc
966 522 1096 596 trunco,

228 608 321 673 Quos
348 613 423 672 sitis
450 615 559 673 intacti
588 609 730 674 crudelis
756 617 928 699 sanguinis
951 617 1027 676 urit.

227 706 377 791 Namque
402 711 519 772 iterum
550 714 704 790 repetens
729 714 915 794 iterumque
941 711 1004 772 boo
1029 711 1169 778 testibus
1192 718 1273 798 ipsis

228 802 419 885 Caelicolis,
443 824 525 889 quos
553 802 708 870 Ausoniis
735 804 887 890 subjecta
911 806 1085 890 triumphis

225 902 329 965 Terra
354 900 432 964 colit
455 919 605 987 quosque
630 900 789 967 lsacidunr
815 909 915 987 stirps
942 909 1047 968 omnis
1073 903 1206 986 adorat,

225 996 368 1081 Assoro,
396 998 442 1063 nil
469 1002 588 1064 meruit
612 1002 766 1088 vitaeque
792 1001 846 1065 bic
870 1007 999 1088 integer
1024 1009 1120 1067 astat.

321 1190 364 1256 At
390 1198 502 1258 contra
528 1197 651 1258 insanis
678 1215 833 1278 proceres
860 1194 1057 1259 clamoribus
1080 1199 1211 1260 instant.

161 1349 165 1357 .
221 1289 340 1355 Jamne
366 1290 425 1354 tibi
449 1295 625 1374 innocuus,
652 1299 778 1375 patrios
801 1297 856 1379 qui
882 1292 1054 1378 transfuga
1079 1297 1160 1357 ritus

222 1387 366 1469 Evertit,
393 1393 447 1471 qui
474 1387 628 1455 Romanis
654 1410 692 1453 se
719 1389 851 1477 legibus
878 1391 1005 1454 hostem

222 1484 413 1569 Opposuit?
440 1486 514 1572 quid
542 1487 627 1571 quod
655 1493 763 1576 magui
790 1508 829 1553 se
856 1491 995 1552 numinis
1021 1505 1134 1550 amens

221 1580 381 1646 Mentitur
406 1582 555 1650 sobolem
580 1592 813 1671 sceptrumque
838 1587 973 1650 affectat
999 1581 1138 1668 Olympi.

318 1774 379 1841 llis
402 1783 540 1843 animum
561 1776 666 1862 judex
686 1779 785 1845 dictis
811 1777 1002 1864 perculsus,
1029 1783 1060 1842 in
1086 1775 1192 1842 aulam

221 1873 390 1938 Convertit
416 1895 554 1961 gressus
580 1883 614 1940 et
638 1897 750 1944 secum
775 1877 874 1942 multa
900 1875 1070 1959 volutans,

220 1968 357 2035 Talibus
386 1970 569 2037 adstantem
590 1971 801 2038 'sermonibus
825 1981 924 2059 urget
947 1972 1094 2040 JESUM:

320 2162 403 2226 Fare
428 2162 585 2250 agedum,
612 2184 679 2248 qua·
707 2169 812 2248 stirpe
838 2170 947 2246 satus,
974 2185 1038 2249 quo
1064 2170 1386 2250 sanguineorum?

220 2257 349 2322 aurove
376 2260 507 2324 struis?
532 2280 650 2343 presso
675 2261 828 2326 Christus
854 2260 932 2326 silet
957 2280 1025 2325 ore.
1076 2260 1253 2328 Tacentem

220 2353 408 2421 Ausonides
436 2356 589 2442 culpans3
618 2358 756 2426 nobisne
783 2357 995 2444 rogantibus,
1021 2363 1142 2443 inquit,

219 2451 328 2517 Verba
354 2473 477 2543 negare
502 2454 630 2520 audes?
655 2463 786 2539 nescis,
815 2462 966 2542 vitaeque
993 2459 1151 2541 necisque

217 2549 289 2614 Nos
317 2571 418 2642 penes
444 2570 522 2617 esse
548 2559 624 2616 tuac
644 2554 703 2640 jus
729 2553 850 2620 omne?
877 2552 939 2618 llic
965 2551 1078 2617 clausa
1103 2553 1243 2620 resolvit

218 2645 288 2711 Ora
314 2654 614 2734 tumescentcmque
639 2657 731 2738 gravi
758 2671 909 2716 sermone
936 2653 1076 2716 coercet.

297 2838 513 2926 Arbitrium,
539 2849 572 2905 ct
588 2841 647 2925 jus
673 2862 766 2907 omne
793 2849 886 2907 necis
912 2848 1065 2928 vitaeque
1089 2864 1245 2932 supremo

218 2937 416 3004 Caelicolum
443 2945 514 3026 regi
540 2945 708 3023 proprium
737 2947 789 3002 est
814 2959 853 3003 ac
877 2936 1027 3022 subjacet
1051 2945 1116 3006 uni.

216 3032 276 3100 lllc
303 3035 362 3101 tibi
388 3035 498 3100 fasces
525 3045 624 3121 atque
649 3055 776 3122 aequae
797 3035 873 3120 jura
897 3039 1026 3100 securis

217 3132 364 3199 Credidit
389 3140 423 3198 ct
447 3139 562 3198 merito
583 3131 687 3216 jussit
711 3133 863 3198 damnare
890 3139 1048 3198 nocentes

216 3227 396 3313 supplicio.
448 3217 545 3295 Quod
572 3235 602 3294 si
628 3230 817 3314 impellente
842 3230 977 3296 libidine
1003 3239 1116 3314 raptus

215 3326 249 3390 lo
276 3347 453 3414 praeceps,
480 3327 618 3392 medium
644 3333 840 3394 temerarius
866 3329 988 3394 arbiter
1014 3347 1152 3413 acquum

215 3425 351 3490 Deseris
378 3431 575 3490 inconcessa
600 3433 716 3509 petens
745 3435 779 3490 et
806 3426 921 3492 devius
947 3445 1057 3509 erras3

214 3521 351 3588 Arbitrii
377 3543 455 3588 reus
482 3521 594 3606 injusti
621 3543 658 3586 cs
684 3523 746 3588 sub
765 3521 888 3608 judicis
914 3543 993 3587 urna

215 3619 392 3703 Aetbcrei,
418 3640 505 3707 quae
532 3639 590 3683 nec
616 3619 686 3685 falli
710 3640 768 3684 nco
794 3619 911 3686 fallere
937 3625 1038 3685 norit.

213 3715 270 3780 Me
296 3717 397 3782 Pater
422 3723 626 3802 omnipotens
651 3737 671 3780 a
696 3717 870 3782 desertore
895 3717 995 3804 ligari

212 3812 386 3898 Discipulo
413 3823 446 3879 ct
474 3822 530 3879 tna
556 3821 717 3899 captivom
743 3813 784 3878 ad
812 3821 980 3897 praetoria
1005 3814 1080 3880 duci

214 3909 379 3975 Permisit.
430 3911 496 3978 Qui
521 3931 572 3976 me
598 3910 710 3978 infelix
733 3911 792 3977 tibi
818 3911 978 3996 prodidit,
1005 3916 1066 3976 atri

214 4006 365 4072 Criminis
392 4016 542 4074 aeternas
565 4008 658 4092 justo
681 4010 743 4076 sub
764 4010 876 4094 judice
902 4027 1025 4096 poenes
