3082 4748
665 245 907 302 cunisrirnos

242 430 308 495 Sed
334 429 439 516 pudor
464 435 588 498 amissa
613 431 767 498 nudatum
792 437 886 496 veste
910 431 1064 498 retardat.

241 527 338 593 Talia
362 534 526 612 versanti,
555 551 618 594 non
645 537 856 616 expectatus,
883 535 916 596 et
941 528 1054 594 iisdem

241 625 401 692 incensus
427 635 543 712 pentus
568 626 722 714 flammis,
747 626 861 690 eadem
886 633 994 692 omnia
1020 626 1156 691 volvens

243 724 398 790 Occurrit
419 725 534 809 juveni
561 724 697 790 Petrus:
724 731 905 808 teneroque
931 723 1048 810 pudori

242 821 413 906 Consulit,
441 830 476 887 et
503 822 590 887 uudo
615 824 774 902 tunicam,
799 838 865 906 qua
888 821 1012 910 frigida
1037 821 1180 886 membre

242 918 375 1002 luduat,
402 918 554 982 obtrudit.
606 918 729 982 Dextra
753 926 819 984 tum
846 918 962 984 deinde
987 917 1211 1005 prehendens,

244 1017 319 1084 (luo
346 1015 473 1082 tandem
499 1015 696 1101 fugiemus?
720 1037 760 1080 an
788 1017 872 1082 baec
896 1023 1061 1103 promissa
1081 1021 1241 1103 magistro

244 1114 314 1180 Sub
341 1133 484 1178 mensam
510 1112 675 1198 dedimus,
701 1121 825 1182 tautum
851 1119 937 1180 luter
960 1115 1080 1199 poeula
1104 1114 1235 1180 fortes?

243 1210 316 1275 Nos
342 1209 474 1292 saltem,
500 1209 801 1297 quandoreirquos
826 1231 932 1299 vagus
958 1211 1097 1279 abstulit
1121 1233 1233 1294 error,

244 1305 426 1394 Abreptum
451 1313 552 1373 misso
579 1309 749 1376 Dominum
777 1319 904 1378 terrore
931 1329 1116 1394 sequamur.

340 1501 401 1566 llis
427 1500 543 1584 dietis,
570 1501 671 1568 celeri
697 1523 755 1590 per
780 1511 873 1589 prata
897 1508 1038 1570 uirentia
1062 1521 1199 1591 gressum

243 1598 319 1665 (lue
344 1600 519 1682 tenebrae,
545 1621 610 1686 que
633 1609 753 1690 stagna
777 1607 907 1685 sinunt,
933 1604 1089 1687 propiora
1114 1599 1268 1687 legentes

243 1695 414 1780 Gramina,
439 1696 611 1763 distinctos
633 1699 741 1764 cedris
767 1698 993 1763 redolentibus
1020 1717 1122 1785 egros

243 1794 474 1880 Praetereunt,
500 1804 631 1881 pontem
657 1805 834 1881 superant,
858 1795 1044 1880 vellemque
1069 1793 1224 1881 superbis

242 1889 417 1956 Moenibus
443 1893 581 1956 effusam
605 1898 766 1981 ingressi:
793 1893 868 1957 dum
893 1891 1013 1956 lumina
1038 1902 1200 1979 spargunt

241 1990 359 2054 Omnia
386 1989 583 2075 lustrantes,
611 1991 725 2057 tumidi
751 1991 813 2056 sub
839 1989 950 2060 limine
975 1988 1081 2055 Ausul

241 2087 455 2172 Deprendunt
477 2088 643 2153 taedarum
670 2093 782 2176 ignes,
808 2107 1012 2174 accensaque
1036 2087 1177 2152 flammis

241 2184 393 2269 Spicula,
420 2193 454 2251 et
481 2183 649 2252 Ausoniae
676 2187 791 2274 gelees
817 2186 933 2252 ardere
959 2186 1118 2252 cohortis.

339 2377 398 2441 llle
423 2377 639 2442 Sacerdotem
665 2379 755 2442 claro
781 2378 822 2443 de
848 2383 1009 2464 sanguine
1035 2377 1168 2462 lengum

243 2475 388 2540 Stemma
407 2473 558 2553 trahens,
584 2493 739 2558 proavum
763 2479 888 2554 mitris,
917 2493 1106 2560 generoque
1131 2475 1295 2560 superbus

242 2571 420 2651 Pontifice,
448 2578 484 2633 et
508 2574 597 2634 sacri
622 2570 781 2659 Princeps
804 2571 992 2657 llectorque
1018 2571 1178 2653 Seruius,

243 2669 406 2756 Ambiguo
435 2673 584 2732 eventum
609 2666 749 2732 sceleris
769 2668 831 2732 sub
860 2677 995 2752 pectore
1023 2667 1142 2732 dudum

243 2765 412 2831 versabat.
463 2762 572 2828 Judee
598 2763 748 2850 fraudes,
775 2785 1008 2850 numerumque
1033 2785 1187 2847 suorum,

242 2861 425 2946 Empiaque
451 2860 630 2929 Romuleae
656 2864 844 2951 expendens
870 2862 992 2929 vexilla
1017 2862 1181 2945 cohortis,

243 2958 373 3022 insidiis
399 2957 450 3022 vel
476 2981 577 3046 posse
602 2965 692 3046 capi,
719 2959 773 3026 vel
798 2960 942 3024 fortibus
966 2963 1066 3023 armis

244 3055 369 3120 Credit:
396 3062 429 3120 et
454 3061 583 3146 egregii
609 3061 735 3143 rapitur
760 3054 932 3120 dulcedine
958 3055 1050 3118 facti.

243 3153 342 3219 Parte
369 3153 434 3218 alia
458 3154 630 3220 manifesta
652 3173 789 3238 operum
813 3150 991 3232 miracula,
1017 3156 1130 3216 inanes

243 3250 383 3316 lusidius
410 3259 525 3338 generi
551 3259 722 3333 repetens,
749 3249 908 3332 elusaque
932 3256 1058 3332 patrum

244 3347 406 3434 Consilia,
431 3351 568 3430 ancipiti
595 3346 741 3430 trepidus
767 3344 938 3411 formidine
967 3347 1095 3431 pendet.

242 3444 384 3528 Jamque
410 3444 493 3508 adeo
519 3450 682 3508 incassum
709 3445 803 3509 fusos
830 3449 970 3527 periisse
999 3443 1131 3508 labores

244 3539 459 3621 subveritus,
485 3539 671 3626 desperatis
697 3541 859 3607 dimittere
884 3542 985 3607 rebus

243 3637 379 3701 Levites
405 3641 605 3724 intempesta
630 3639 691 3703 sub
717 3648 814 3704 nocte
840 3639 997 3724 parabat:

244 3733 324 3799 Cum
348 3732 460 3818 procul
488 3736 661 3799 horrisono
688 3738 830 3801 reboans
853 3756 913 3821 per
938 3755 1039 3819 opace
1064 3730 1202 3796 tumultu

243 3832 406 3913 Bueclna,
433 3832 613 3896 stridentes
639 3831 721 3898 diris
746 3832 926 3898 ululatibus
950 3851 1047 3895 auras

242 3927 415 3993 Verberat.
467 3928 646 4013 decipiens
669 3937 813 3994 sonitum
840 3927 1005 4014 clangoris
1031 3924 1166 3989 Annuus

244 4020 440 4112 direxitque
466 4029 612 4107 animos,
638 4034 675 4091 et
699 4045 761 4111 spe
785 4027 942 4110 propiore
968 4030 1174 4102 tumescens,
