3082 4748
651 219 893 276 effltsrtnnos

230 407 412 496 Verporum
437 414 547 474 suevis
572 408 719 477 menibus
744 407 909 492 discerpta
933 403 1062 490 prodent

230 508 417 572 Proteritur
441 506 533 596 vulgi
559 507 708 591 pedibus.
759 505 831 570 Nos
858 523 977 588 aspere
1001 507 1095 588 rugis

230 604 395 688 Tempora
421 604 678 689 squalentesque
704 622 807 689 gerres
834 600 1015 684 oculosque
1039 601 1185 684 superbo

231 701 383 790 Ingratos
409 700 564 788 speculo,
591 701 690 766 stibio
716 705 840 763 nitreve
867 697 996 762 rubenti

231 802 419 887 Tingimus:
447 806 546 883 etque
571 801 685 861 nsinec
712 797 891 881 fugientem
917 795 1003 860 lacte
1029 793 1191 878 ociorem,
1270 819 1273 824 ·

230 896 300 964 Aut
326 902 378 960 ovi
405 895 546 959 albentis
573 902 662 958 teste
687 913 896 972 revocamine,
923 900 1038 957 ecntue
1079 933 1082 938 ·

232 991 385 1079 cuspidis
411 995 443 1055 in
468 992 585 1055 faciem
609 996 772 1055 crinemve
795 990 957 1056 trahentis
983 1008 1128 1054 ememus
1175 1036 1177 1044 .
1234 1014 1241 1022 ’

231 1088 432 1157 Pendentem
458 1109 478 1152 u
501 1096 609 1152 mento
634 1089 768 1152 herbam
793 1089 974 1172 producere
999 1086 1138 1154 stellae:

232 1189 450 1272 supremique
478 1185 563 1271 pilos
587 1192 732 1271 crispare
757 1191 789 1250 in
815 1207 937 1251 cornua
960 1185 1053 1250 labri.
1157 1251 1159 1259 ,
1246 1211 1259 1226 ··

231 1284 316 1350 Hinc
341 1283 401 1347 tibi
424 1285 611 1352 inhonestis
636 1284 798 1349 violentur
823 1292 974 1369 tempore
996 1287 1125 1367 sputis3
1177 1332 1180 1338 .
1226 1330 1229 1338 Α

231 1380 392 1447 Tuuditur
415 1403 454 1445 cs
479 1401 610 1447 roseum
636 1381 771 1467 pulcris,
798 1389 831 1445 et
857 1378 993 1446 candide
1018 1380 1136 1450 dens.

232 1478 325 1543 cotta
351 1479 550 1544 infestantur·
575 1485 707 1568 pugnis.
758 1478 843 1544 Hinc
868 1478 974 1542 herbu'
995 1479 1158 1544 iuuentem
1258 1511 1261 1518 ι

233 1574 426 1641 Carnificem
453 1578 599 1642 menibus
627 1576 810 1662 divellitur3
837 1595 947 1664 ungue
973 1582 1105 1640 cotetae

232 1673 275 1738 Et
301 1694 418 1758 sparso
443 1673 547 1740 livent
563 1683 724 1740 ‘rorantes
750 1679 909 1761 sunguine
936 1674 1059 1753 melec,
1123 1718 1128 1730 .
1183 1718 1196 1730 s
1299 1691 1303 1700 ·

233 1769 410 1856 Aureaque
436 1772 596 1836 immundo
624 1771 815 1837 clauduntur
840 1769 961 1834 lumina
986 1781 1105 1857 perine

305 1964 488 2052 Quisquam
507 1966 589 2032 eden
609 1967 720 2050 durus,
743 1965 922 2052 solideque·
937 1964 1290 2032 adementererinctes

234 2064 374 2146 Pectus,
402 2073 437 2128 et
463 2069 607 2128 aeternis
633 2065 763 2130 silicum
790 2062 983 2148 praecordia
998 2067 1118 2144 renis,

233 2159 277 2226 Ut
299 2169 390 2226 toute
414 2169 514 2250 neget
534 2161 714 2227 indomitus
741 2167 864 2247 pietate
890 2164 1041 2226 moveri?
1115 2210 1119 2218 1

234 2257 310 2322 Non
336 2260 495 2324 trahimur
520 2263 634 2324 miseri
644 2262 656 2328 i·
680 2279 739 2323 nec
764 2259 874 2344 dignis
896 2267 1033 2343 pectora
1057 2257 1198 2320 flammis
1223 2301 1225 2304 -
1256 2299 1259 2306 ⁴
1303 2300 1306 2309 -

233 2353 360 2418 Incensi
386 2355 544 2437 rapimur!
572 2375 632 2416 nec
656 2374 799 2416 amorem
823 2354 955 2417 solvere
981 2359 1129 2434 amori,¹
1285 2395 1299 2411 u

233 2449 308 2514 Nec
332 2448 492 2534 lacrymer
518 2454 634 2534 poenis
663 2454 916 2536 ignominiisque
941 2449 1104 2532 dolerem,

232 2545 275 2610 Et
299 2548 435 2616 meritos
460 2549 588 2629 sputis,
617 2545 812 2630 probrisque
838 2545 1020 2632 rependere
1049 2548 1195 2614 honores
1226 2583 1230 2590 .
1285 2588 1288 2599 ·

233 2641 412 2708 Ardemus!
437 2647 562 2730 gemitu
588 2643 705 2708 saitem
731 2649 890 2708 testemur
915 2665 1044 2727 umaro,
1191 2654 1194 2662 '

233 2740 306 2804 Nos
327 2744 516 2805 inconcessi
543 2745 648 2804 victos
672 2739 847 2805 dulcedine
872 2747 977 2826 pomi,

232 2835 470 2920 llleccbrisque
497 2836 699 2924 voluptatum
726 2839 899 2904 fclincibns
925 2849 1036 2920 actos,

232 2931 359 2996 Inscuti
385 2933 537 3021 indignos
561 2937 699 3000 Domine
726 2941 901 3022 peperisse
925 2938 1069 3002 labores.

232 3027 305 3093 Hoc
323 3027 420 3117 juvet
446 3032 487 3098 ed
515 3034 683 3119 specuium
710 3052 820 3096 mores
845 3052 1066 3116 componereq·
1084 3052 1206 3098 secuse

232 3127 439 3212 Praecipites
465 3135 534 3195 irae
562 3132 665 3196 furius
692 3149 920 3212 compescere,
948 3135 1097 3194 cristes-

232 3223 380 3310 Ponere,
408 3235 444 3292 et
469 3233 620 3292 incautos
647 3226 776 3307 oculos,
803 3235 903 3310 utque
929 3245 1025 3290 urere
1050 3231 1084 3290 et
1108 3232 1161 3292 nri
1201 3273 1215 3290 ..

232 3321 306 3391 Heu
333 3329 462 3389 nimium
490 3324 626 3406 faciles,
654 3329 874 3412 restringere:
906 3323 996 3388 mille
1022 3329 1186 3390 vomentis

233 3418 390 3504 Corporis
417 3440 457 3485 ec
483 3425 578 3484 enimi
605 3428 738 3504 pestes⁷
763 3442 821 3486 sen
847 3419 925 3485 crin
941 3423 1111 3490 inundans

233 3513 300 3580 Seu
327 3515 440 3584 Venus
464 3518 629 3602 impellat,
654 3525 767 3601 portas
794 3517 967 3586 occludere
994 3521 1137 3608 tinguere

330 3708 376 3773 At
402 3709 561 3796 Caiphae,
587 3722 763 3800 postquem
788 3734 908 3780 scenae
935 3714 1081 3779 crudelis
1107 3719 1255 3780 umentes

233 3805 389 3873 Puvisset
411 3809 591 3895 spectando
618 3811 757 3894 oculoe‚·
779 3821 856 3896 post
882 3819 978 3897 terge
1001 3817 1182 3877 revinctum

233 3902 375 3989 imperat
399 3905 531 3988 obduci,
556 3907 770 3994 clausumque
793 3915 826 3972 in
853 3927 986 3974 carcere
1012 3908 1087 3972 fidis

232 3997 389 4068 Excubiis
416 4005 676 4093 cingi·vigilum·.
713 4005 922 4072 Procrustes
948 4003 988 4069 ab
1014 4003 1092 4068 enda
1213 4057 1216 4066 .
1257 4054 1259 4066 ,

233 4092 296 4162 Vix
322 4103 354 4166 in
379 4107 490 4185 primu
509 4103 644 4190 gradum
668 4102 848 4169 reflexerat·
869 4108 953 4170 utria
977 4100 1182 4177 Ouerestis·
1249 4131 1264 4174 ·.
