3056 4758
640 246 883 302 marrones

213 431 317 516 (Nam
342 439 495 520 quantum
519 430 661 498 illustris
688 432 827 498 cedebat
853 437 1002 498 acumine
1027 436 1146 498 mentis

212 530 337 597 lntacto
364 529 493 615 juveni,
520 540 644 596 tanturn
669 530 887 618 flagrantibus
912 535 1010 595 aestu

212 627 379 693 Aetherea
403 629 494 694 fibris
519 630 682 714 divinique
704 636 786 716 igne
810 627 952 708 caloris,

211 725 256 790 Et
279 731 371 810 pueri
397 736 431 791 et
457 734 608 792 comitum
635 725 813 810 superabat
838 730 945 789 victor
971 730 1130 803 amorem)

213 823 355 907 Arrepto
381 830 469 903 (nam
497 825 602 889 nudus
629 829 715 901 evat)
742 824 861 887 circum
888 828 972 908 tegit
999 829 1090 886 artua

211 921 393 988 Horrentcs
419 927 528 986 tunica
554 918 733 1005 rapidoque
761 925 792 985 in
819 920 951 986 flumina
978 919 1065 985 saltu

212 1020 431 1106 Praecipit-at,
458 1018 638 1104 liquidique
662 1038 783 1082 secans
809 1026 928 1104 stagna
952 1017 1020 1083 alta
1044 1017 1197 1105 profundi

212 1117 365 1205 Remigio
391 1137 558 1200 manuum,
590 1118 714 1201 (neque
741 1120 825 1180 enim
852 1116 1016 1180 violentus
1043 1122 1166 1180 macris

211 1214 354 1298 Impetus
381 1219 519 1300 ignavae
546 1213 673 1278 tardum
700 1221 877 1296 expectare
904 1219 1036 1278 carinae

211 1312 338 1376 Passus
365 1311 445 1394 iter]
471 1311 574 1376 celeri
601 1311 728 1394 prendit
754 1315 860 1374 vicina
884 1318 995 1374 natatu

211 1406 353 1490 Littera,
380 1427 587 1494 arenosoque
614 1414 743 1493 apricae
769 1413 800 1473 in
827 1413 974 1495 margine
1000 1412 1092 1492 ripae

209 1505 448 1588 Procumbens,
476 1515 571 1593 grata
596 1505 769 1572 Dominum
795 1509 920 1589 pietate
946 1505 1072 1571 salutat

209 1603 253 1668 Et
278 1612 392 1692 grates
419 1606 604 1669 submissus
629 1608 719 1688 agit,
744 1602 963 1688 praedamque
990 1610 1155 1686 receptam

210 1700 320 1786 lpsius
346 1707 526 1788 auspiciis,
552 1705 614 1786 ipsi
641 1699 781 1782 debere,
807 1701 941 1766 fatetur.
1029 1765 1032 1772 ,
1135 1709 1138 1716 ’

308 1894 438 1962 loterea
462 1902 546 1962 socii
573 1901 701 1982 captivo
728 1901 819 1982 pisce
846 1901 1032 1983 gementem

209 1992 393 2058 Advertunt
418 2003 525 2059 terrae
553 1996 696 2079 cymbam
721 1994 922 2078 defessaque
949 1993 1092 2073 membra

211 2092 304 2179 Rege
331 2091 472 2157 salutato
499 2099 637 2158 sinuoso
661 2098 695 2156 in
722 2092 821 2158 litore
848 2097 963 2174 strati,
1077 2115 1080 2126 ’

210 2190 415 2274 Insperatum
443 2197 570 2276 ignem,
597 2189 757 2274 subjectis
783 2190 915 2278 torrida,
932 2188 1070 2254 flammis

210 2288 365 2368 Fercula,
391 2287 535 2353 defessis
563 2287 709 2372 cerealia
735 2288 819 2352 dona
846 2292 995 2375 magistri

210 2383 376 2452 Mirantur
402 2393 575 2469 properata
600 2403 693 2448 mann
721 2391 914 2470 piscesque,
941 2389 1069 2469 potenti

212 2481 305 2546 Quos
332 2481 433 2548 DEUS
462 2482 499 2562 (e
527 2481 627 2546 nilrilo
655 2487 707 2564 qul
736 2480 881 2545 condidit
905 2483 1030 2562 omnia]
1057 2489 1137 2546 nutv

210 2575 277 2641 Aut
301 2586 409 2641 terrae
436 2584 562 2665 gremio
588 2585 644 2642 aut
670 2584 759 2642 auris
788 2578 906 2643 educta
933 2586 1062 2644 crearat

211 2673 279 2739 Aut
305 2679 406 2740 tacito
434 2695 473 2739 ex
502 2674 596 2740 undis
624 2674 711 2740 nullo
737 2675 929 2740 advertente
956 2684 1087 2744 vocarat

209 2772 351 2857 Imperio
376 2782 412 2836 et
436 2773 546 2838 subito
573 2781 681 2840 tostos
707 2783 942 2860 properaverat
966 2779 1046 2860 igni.

210 2870 368 2958 Prodigia
395 2878 554 2937 attonitos
581 2870 754 2958 divumque
781 2871 1009 2956 bominumque
1035 2869 1204 2954 voluptas,

212 2969 319 3034 ssucm
346 2968 430 3034 coeli
458 2990 604 3034 convexa
630 2977 789 3051 tremunt,
825 2975 874 3033 cui
909 2975 939 3034 in
975 2970 1111 3036 aethere
1138 2987 1265 3032 sununo

210 3067 317 3154 Regia
341 3067 504 3132 sideribus
531 3067 631 3133 sedes
658 3067 814 3152 suffulta,
841 3079 978 3152 paterno

211 3164 328 3251 Aequa
353 3165 490 3247 throno,
516 3165 592 3231 vilis
619 3188 683 3232 non
710 3167 905 3252 dedignatus
931 3181 1054 3231 arenae

210 3263 380 3328 Reclinare
406 3264 517 3330 humili
543 3264 741 3330 immortalia
767 3267 893 3347 cespite
919 3261 1080 3341 membra,

210 3362 346 3426 Talibus
372 3361 566 3448 alloquitur,
595 3361 738 3424 mulcens
765 3359 976 3443 praecordia,
1002 3358 1117 3424 dictis:

186 3560 190 3568 '
306 3551 374 3615 Vos
394 3573 534 3638 quoque,
559 3562 670 3619 vestra
690 3574 782 3619 meae
805 3559 941 3622 comites
961 3558 1098 3637 opsonia
1119 3571 1263 3630 inesses,

210 3651 245 3713 ln
272 3647 414 3715 medium
439 3650 588 3716 conferre
614 3652 711 3735 volo;
736 3657 921 3718 communia
948 3651 1043 3718 uobis

210 3744 364 3827 Fercula,
391 3754 568 3813 communis
596 3757 719 3832 partem
745 3749 925 3832 depromite
951 3747 1108 3834 praedae,

212 3845 375 3910 Continuo
403 3843 491 3909 redit
517 3844 555 3909 ed
583 3867 695 3910 navem
723 3853 915 3932 magnisque
941 3852 1112 3931 gementes

213 3944 364 4008 Piscibus
391 3949 422 4010 in
450 3952 570 4012 terram
597 3944 716 4008 Petrus
740 3948 900 4025 protraxit
924 3941 965 4006 ab
990 3941 1062 4010 alta

209 4041 325 4128 Puppe
351 4042 477 4129 plagas
529 4040 636 4126 Supra
661 4047 790 4106 centum
819 4059 989 4105 numerare
1015 4038 1136 4106 licebat

213 4141 461 4227 Quinquaginta
484 4145 545 4204 tria
573 4139 755 4226 undivagae
783 4143 979 4224 praestantia
1005 4143 1114 4226 gentis
