3082 4746
154 231 288 286 ibi-”tl
490 181 493 195 ³
690 231 808 284 bresit
826 231 886 285 vn.

242 415 292 482 Ad
319 423 616 502 poenasrepetar,
643 415 766 481 nullum
791 421 925 481 visurus
953 418 1064 482 acerbi

243 513 404 600 Supplieii
429 513 545 597 finem,
572 514 645 578 dum
667 511 790 596 judieis
818 516 1051 598 transnabit,

242 612 311 676 Ant
336 609 577 676 Acherontaeis
603 612 731 676 durabit
755 613 884 676 flamma
909 617 1053 677 caminis.

157 717 161 724 '
243 709 291 774 0!
308 700 381 772 'nisi
407 718 473 774 tarn
500 714 607 774 vicina
633 716 727 790 viae,
754 718 887 795 tamque
915 709 1011 773 obvia
1037 709 1141 774 turbis

244 808 383 872 lnvisam
411 811 540 890 superis
566 816 676 872 stares
703 806 900 871 adeuntibus
927 806 1057 893 urbem3

244 906 370 982 (fineis
394 904 493 970 facile
516 911 648 992 ingrata
673 911 797 990 pietate
824 923 999 970 occurrere
1021 905 1124 990 justis

243 1003 414 1078 Consiliis)
443 1001 613 1090 quaejam
639 1009 760 1066 misero
787 1001 863 1066 milri
891 1007 1018 1089 gratior
1044 1013 1154 1080 esset,

243 1099 334 1165 Unde
358 1106 466 1187 magis
493 1119 646 1183 euperem
674 1099 806 1164 fatalem
833 1107 964 1166 nectere
991 1099 1119 1164 nodum.

243 1198 287 1263 At
313 1203 464 1284 qnoniam
490 1203 576 1262 votis
603 1197 734 1264 fortuna
757 1201 905 1278 inimica,
931 1196 1155 1283 frequensque

245 1297 366 1361 Obstat
392 1301 470 1376 iter,
497 1296 663 1380 ebenoque
690 1293 800 1383 gulam
826 1296 903 1359 milri
927 1295 1084 1382 frangere
1102 1305 1246 1376 trunco,
1323 1321 1324 1330 ¹

243 1393 319 1458 Non
345 1393 423 1458 lieet
447 1401 482 1458 et
507 1397 641 1458 meritas
667 1413 686 1456 a
711 1403 745 1458 te
768 1392 827 1457 tibi
852 1391 985 1456 solvere
1009 1414 1151 1478 poenas:

243 1491 320 1576 lbo,
348 1492 402 1556 ibo
428 1500 463 1556 et
486 1497 606 1575 prima,
634 1511 730 1575 quam
755 1511 829 1554 sors
855 1497 911 1554 aut
937 1495 1043 1554 tristis
1068 1491 1208 1576 Erynuis

244 1590 426 1656 Quaerenti
453 1587 626 1672 objicient,
648 1587 860 1671 jamdudum
887 1588 996 1653 debita
1021 1588 1148 1653 solvam

244 1687 382 1753 Viscera
401 1685 524 1771 jejunis
550 1705 734 1772 suspensus
760 1686 802 1750 ab
830 1687 946 1751 arbore
974 1691 1091 1752 eorvis.
1154 1719 1159 1736 ι

243 1785 335 1850 llaec
360 1786 414 1849 ubi
443 1785 529 1849 dieta
553 1783 657 1865 dedit,
685 1775 852 1850 nemorum
878 1792 1011 1850 seor-eta
1036 1803 1229 1870 pererrans,

243 1883 400 1970 Vestigat
424 1882 509 1946 fidas
534 1882 654 1947 studiis
681 1880 841 1945 feralibus
870 1881 1009 1957 umbras.

244 1979 338 2044 Haud
365 1979 480 2063 procul
506 2001 526 2043 a
551 1983 651 2042 muris
678 1977 761 2042 solis
788 1997 852 2062 qua
877 1980 969 2044 fessa
994 1976 1140 2043 cadentis

248 2076 402 2155 Lumina,
428 2083 658 2156 torrentesque
682 2073 774 2138 lacus
801 2073 985 2156 vallemque
1017 2073 1129 2138 Gionis
1244 2077 1246 2082 '

248 2172 399 2258 Respicit
423 2172 519 2252 urbs,
546 2169 656 2236 densis
680 2169 845 2255 sylvarum
871 2168 998 2235 inclusa
1022 2169 1159 2234 latebris

247 2269 391 2356 Ignavae
416 2267 612 2355 graveolens
637 2266 715 2331 limo
736 2265 827 2350 jaoet
854 2267 937 2332 unda
962 2265 1101 2350 paludis.

247 2365 349 2450 Cujus
376 2369 408 2429 in
436 2372 585 2431 extremo
612 2364 791 2448 propendet
816 2371 966 2452 margine
992 2364 1081 2428 nollo

247 2461 384 2528 Fraudis
410 2463 537 2528 honore
565 2468 674 2527 virens
701 2463 874 2548 sterilique
900 2462 1044 2548 ingloria
1068 2467 1183 2528 truneo

245 2560 371 2644 Arbor3
397 2560 547 2625 funereis
570 2560 685 2626 avibus
710 2558 886 2647 ululaeqne
915 2565 1087 2648 strygique

226 2657 433 2740 ¹llospitium
460 2659 630 2741 praebens.
682 2655 782 2744 Nigri
807 2678 902 2743 quarn
930 2666 1066 2743 propter
1092 2657 1214 2744 Averni

245 2753 434 2818 llorribiles
460 2760 534 2819 visu
556 2754 943 2837 formae-‚defunctaque
967 2761 1034 2820 vita
1161 2793 1163 2800 <

246 2852 395 2936 Corpora
420 2850 610 2936 sulphureis
636 2850 697 2913 sub
724 2859 850 2914 noctem
879 2851 983 2914 lurida
1005 2851 1165 2933 flammis,

245 2947 522 3033 Eumenidumque
548 2947 638 3012 faees
665 2954 762 3032 atque
789 2968 848 3012 ora
874 2947 1041 3013 obseoena
1064 2947 1175 3017 rideri.

240 3045 357 3130 Saepe
379 3051 476 3111 etiarn
504 3044 685 3109 umbrarum
711 3049 853 3132 gemitus
878 3054 1069 3131 tractaeque
1095 3053 1229 3110 catenae

246 3143 502 3230 flagrorumque
527 3163 629 3208 sonus
655 3141 761 3229 pulsis
786 3163 826 3206 ex
852 3143 991 3208 aethere
1015 3141 1123 3212 stellis

245 3240 279 3305 ln
306 3239 413 3304 lucem
439 3241 555 3304 audiri.
600 3241 740 3304 ferales
767 3261 846 3304 aure
872 3239 1029 3305 tumultus

245 3335 420 3423 decipiens
446 3336 531 3424 fugit
555 3337 706 3403 infaustis
731 3339 947 3404 tremefactus
975 3338 1015 3403 ab
1039 3337 1166 3404 umbris

245 3435 379 3520 Tityrus
408 3441 441 3498 et
467 3434 546 3499 diris
574 3444 720 3502 armenta
746 3441 908 3500 exterrita
930 3441 1096 3500 monstris.

244 3531 318 3596 lluo
342 3551 453 3597 ¹corrues
481 3541 642 3597 errantem
669 3533 807 3620 Stygius
835 3534 970 3598 deduxit
991 3533 1120 3598 dudam.

246 3628 400 3694 Protinus
426 3629 604 3713 lsearides‚
631 3636 755 3694 nostris
782 3630 864 3694 haee
890 3631 1001 3695 debita
1025 3631 1103 3696 fatis

247 3726 353 3792 Arbor
378 3733 434 3792 ait.
486 3727 606 3807 Viden,
634 3735 669 3791 ut
694 3735 897 3794 annotantem
924 3734 1040 3793 invitet
1065 3727 1154 3794 Juda
1290 3777 1294 3786 .

235 3825 451 3909 'Braobiaque
478 3825 664 3910 expandens
691 3823 829 3888 similem
855 3825 917 3892 sibi
944 3825 1097 3912 squalida
1121 3834 1270 3888 bruneum

247 3919 393 3987 Poseat?
419 3925 459 3987 ab
487 3924 548 3988 bae
575 3923 718 4007 pendens
746 3922 871 3988 eaelum
898 3932 1068 4009 terrasque
1093 3920 1220 3989 levabo.

247 4015 311 4082 Sed
335 4025 409 4102 quis
428 4025 460 4083 in
483 4021 543 4086 bis·
557 4020 709 4105 laqueum
728 4029 946 4109 opportunum
967 4016 1148 4086 commodet
1169 4019 1294 4083 umbris

246 4113 322 4180 (luo
348 4119 507 4200 peream?
533 4117 683 4206 laqueum
708 4127 799 4186 tanto
824 4138 883 4208 pro
910 4123 1063 4200 erimine,
1089 4119 1189 4180 tantis
