3082 4746
650 207 892 265 CHRISTMDOS

1276 215 1428 265 stu-⁵⁷¹7

235 399 360 482 [Credo
386 397 554 483 equidem)
579 397 744 482 fletusque
770 414 862 462 mens
887 413 1034 482 praeque
1059 397 1331 462 omnibusunum

237 497 431 582 Aspiceres,
459 495 510 560 vei
537 514 596 578 pru
623 493 713 559 duris
739 493 929 577 lictoribus,
958 513 1089 578 asprum

235 596 298 661 mn
325 602 441 658 tenero
469 600 622 676 aptarunt
647 597 745 678 capiti
771 592 936 674 diadema,
962 599 1143 677 rogantem.

234 693 298 756 Pro
324 711 377 756 mc
401 698 476 755 nate
502 711 604 778 rogo,
632 689 751 776 Virgo,
778 689 891 770 vidua,
919 688 1073 773 cephene
1087 689 1222 775 jamque

234 788 460 855 creatutura
485 787 621 873 perens3
646 808 706 871 pro
733 793 766 850 te
793 807 892 873 mgu3
918 786 1039 852 surdus
1063 793 1179 852 inanes

102 927 104 932 .
231 887 301 954 Hcs
326 893 449 950 tentum
475 891 560 950 sinis
586 890 635 950 ire
661 903 795 970 preces,
822 885 906 949 haec
931 890 1023 949 irrita
1046 885 1149 950 vote?

232 981 425 1052 0utinam!
452 981 580 1069 quando
606 987 671 1047 istc
698 979 756 1045 tibi
783 991 848 1046 tam
872 989 962 1046 certa
987 981 1156 1064 voluntte,

231 1083 322 1148 Tunc
346 1087 517 1145 immaturo
543 1085 656 1164 potins
680 1087 714 1144 te
740 1079 855 1145 funere
882 1087 1010 1166 raptum

232 1179 439 1262 Plorsssem3
466 1175 593 1262 quando
619 1182 732 1242 immiti
757 1183 807 1242 tot
831 1176 934 1242 millia
957 1176 1047 1242 ferro

232 1275 382 1342 Abstulit
407 1273 555 1340 Herodes
578 1280 682 1339 toties
708 1273 823 1339 elusus
847 1283 881 1340 et
906 1277 1024 1362 ingens

233 1373 378 1440 Perdidit
403 1372 560 1437 infantum
587 1367 733 1455 pollutus
762 1377 922 1460 serrguine
950 1378 1084 1438 crimen.
1115 1417 1118 1426 ,

233 1471 321 1538 auid
347 1491 397 1536 me
423 1468 570 1535 Niliacas
589 1468 685 1553 juvat
709 1469 873 1556 effugisse
898 1487 959 1554 per
985 1470 1086 1534 urbes

233 1569 409 1636 Saevitiam
433 1567 570 1633 infausti
596 1572 688 1653 regis
713 1566 921 1652 iumentaque
947 1572 1085 1632 matrum

233 1666 493 1750 carnificumque
517 1685 652 1747 manus,
679 1669 707 1729 si
733 1673 768 1729 te
795 1684 910 1750 meque
936 1669 1002 1728 iste
1025 1663 1179 1730 mnmbnt

232 1766 374 1830 Tristior
399 1773 434 1828 et
459 1761 549 1827 nullo
575 1781 663 1827 murs
688 1760 855 1828 evadenda
879 1765 1023 1847 paratu?

232 1862 324 1927 Haec
350 1867 426 1925 vute
448 1864 621 1945 impatiens
646 1864 755 1946 magni
782 1866 897 1924 natura
922 1856 1065 1941 datoris,

232 1959 303 2024 Hos
328 1962 473 2046 gemitus
499 1965 646 2022 materne
672 1959 731 2023 tibi
758 1956 949 2042 praecordia
974 1954 1119 2022 fundunt.

230 2056 277 2122 At
300 2060 404 2144 petris
429 2061 555 2120 aeterni
575 2052 683 2140 jussis
709 2059 893 2136 contrarie,
921 2059 1017 2119 menti

232 2154 339 2221 obvia
365 2161 444 2219 vota
468 2159 543 2218 tuae
569 2153 623 2218 vel
649 2158 748 2218 tentis
773 2151 927 2217 fluctibus
951 2159 1028 2216 ecte

231 2253 290 2319 Nil
314 2272 432 2318 meror.
483 2250 635 2338 ingratae
661 2252 790 2318 facinus
816 2248 1002 2314 miserabiie
1028 2253 1137 2336 gentis

230 2348 341 2416 Altius
367 2354 399 2412 in
426 2353 568 2413 miserae
594 2355 745 2430 penetrat
770 2346 961 2430 praecordia
987 2351 1110 2410 matris.

232 2446 307 2510 Non
333 2465 397 2532 ego
424 2443 533 2507 divino
557 2444 731 2509 lustratum
757 2447 920 2530 sanguine
942 2441 1092 2508 mnndum
1122 2493 1124 2500 .

231 2541 365 2608 Amissa
392 2539 560 2604 abnuerim
586 2537 753 2604 coelorum
777 2544 807 2602 in
834 2559 939 2626 regne
964 2545 1091 2624 reponi.

231 2639 303 2706 Nec
328 2657 401 2703 mee
419 2635 488 2721 jem
514 2636 568 2702 vel
585 2645 628 2702 ¹te
654 2643 760 2704 curari
788 2641 917 2721 sospite
946 2656 1048 2722 pesco

231 2734 395 2819 Vulnere,
422 2753 482 2798 nec
507 2732 668 2821 iacrymas
695 2741 791 2817 sisti,
818 2755 899 2820 ques
925 2734 1035 2800 luctus
1060 2753 1218 2821 emurque

231 2832 390 2900 Fluminis
415 2837 453 2896 in·
471 2854 595 2904 morem
620 2851 661 2898 cx
687 2833 794 2898 oculis
819 2831 994 2898 decurrere
1019 2840 1158 2920 cogunt,

230 2930 372 2996 Quando
395 2936 443 2995 sic
468 2930 619 3014 placitum
643 2937 737 3015 patri,
765 2929 894 3016 quande
917 2933 999 2995 heec
1020 2931 1080 2994 tibi
1105 2951 1198 2996 mens
1219 2937 1281 2994 est.

150 3053 153 3058 ·
231 3028 304 3095 Hoc
329 3037 455 3094 tantum
480 3035 597 3093 matris
622 3027 796 3111 lucrymis,
822 3029 886 3091 hoc
908 3027 1014 3092 duleis
1041 3031 1144 3092 emori

232 3127 319 3192 Nate
346 3124 487 3210 repende
512 3135 568 3190 tuo
595 3133 630 3189 et
655 3124 754 3189 divini
780 3129 953 3211 sanguinis
978 3122 1103 3204 undae,

232 3223 276 3288 Ut
301 3223 411 3288 facilis
437 3242 557 3287 caecae
583 3227 714 3309 genitor
739 3219 813 3284 feru
837 3227 973 3304 pectora
998 3226 1109 3308 gentis

232 3319 322 3384 Luce
347 3341 432 3385 nova
457 3317 601 3384 irradiet.
654 3319 724 3382 Tne
747 3323 780 3380 te
805 3325 881 3400 port
906 3318 1021 3383 funere
1037 3317 1161 3382 saitem

232 3415 423 3502 Agnoscent
449 3421 635 3500 crimenque
659 3433 771 3496 suum,
797 3432 857 3477 nec
880 3420 1051 3502 sanguinis
1072 3413 1141 3478 illis

233 3513 401 3578 Incumbet
426 3513 566 3577 vindicte
593 3517 655 3594 tui,
681 3530 744 3596 quo
771 3513 907 3575 crimine
928 3511 1037 3578 mundi

232 3608 352 3677 Abluis
379 3616 413 3674 et
437 3629 575 3693 superus
600 3607 744 3675 recludis
770 3609 925 3697 gentibus
951 3629 1055 3683 arces.
1089 3651 1092 3660 Δ

330 3802 430 3868 Tales
457 3809 550 3890 virgo
574 3809 628 3888 pio
655 3803 809 3872 volvebat
833 3811 969 3891 pectore
995 3809 1146 3888 questus.

232 3902 276 3968 At
301 3905 393 3968 saevi
418 3921 577 3988 proceres
604 3909 638 3966 et
665 3900 863 3967 detestabile
889 3901 1009 3989 vulgus

231 3999 361 4065 Feralis
386 4004 452 4065 voti
480 4021 630 4085 compos,
657 3999 734 4064 ferit
758 3999 894 4064 aethera
917 3997 1013 4064 lectis
