3082 4746
149 229 222 300 lm

663 219 905 274 cunisnmnos

239 405 336 471 Nunc
358 409 454 472 ctiam
481 413 606 470 notura.
657 403 706 468 En
733 413 769 469 ut
794 405 929 470 liventia
955 410 1019 480 neti

239 503 390 569 Membra
413 507 461 569 tui
485 501 657 588 medioque
683 502 800 569 oculos
825 508 857 566 in
882 512 986 567 morte
1011 510 1180 568 natantes·

238 602 326 667 Proh
352 600 478 668 soclus!
504 600 661 682 irrident,
688 621 780 686 quos,
799 605 929 665 victima
954 606 1113 687 sanguiue
1137 601 1215 668 fusa

238 701 375 766 Lustrat
401 707 434 764 et
458 704 594 762 aeterna
617 704 760 762 moriens
785 718 805 762 a
829 705 932 762 morte
957 697 1095 763 reducit.

237 798 339 876 Esto,
367 796 443 860 olim
468 800 568 860 nimia
591 799 702 858 victum
727 801 870 880 pictate,
897 793 1053 862 nefaudos

233 894 393 982 Virgiueo
419 903 529 958 terrae
556 892 659 956 furias
688 892 822 956 abolere
848 912 965 956 cruore

234 992 398 1058 Annueris
423 994 583 1075 vetitiquc
610 989 703 1053 nefas
725 989 912 1054 miserabile
937 995 1025 1074 pomi

234 1089 390 1170 Solvere,
417 1086 512 1152 ferali
540 1087 660 1152 suffixo
685 1091 717 1150 in
744 1091 856 1172 stipite
881 1095 975 1152 nuto:

233 1187 320 1252 Num
347 1195 454 1250 tamen
482 1185 545 1249 hos
570 1204 739 1270 procerum
764 1190 870 1265 nisus,
894 1193 1002 1271 atque.
1019 1191 1118 1272 impie
1143 1188 1235 1276 vulgi
1309 1259 1312 1272 ,

234 1283 422 1350 scommata
445 1282 601 1370 sacrilegi
626 1281 735 1348 Judex
761 1281 922 1365 tolerare,
949 1283 1002 1347 vel
1027 1283 1085 1350 illa

233 1381 307 1447 Jam
328 1381 397 1465 jam
424 1386 603 1465 expirantis
627 1387 758 1467 genitor
783 1378 922 1446 ludibria
947 1386 1015 1446 nati

233 1478 450 1544 Dissimulare
473 1479 597 1564 potes?

233 1577 322 1642 lluid
348 1585 522 1662 superest,
548 1581 612 1642 nisi
638 1584 674 1640 ut
697 1581 903 1641 immemores
926 1581 1106 1662 mortisque
1131 1584 1244 1664 tuique

233 1674 344 1754 (Quos
373 1695 466 1738 nemo
489 1682 596 1738 tamen
622 1675 755 1748 irridet)
780 1679 919 1737 convitia
939 1672 1080 1761 jungant

232 1770 460 1857 lusultentque
487 1771 566 1836 Deo
585 1777 742 1855 suspensi
770 1769 945 1834 hincinde
971 1770 1147 1842 latronesi)

232 1868 329 1935 Ultor
354 1869 477 1934 Elisael
504 1890 627 1954 pueros
652 1869 827 1934 immitibus
854 1872 943 1932 ursis

233 1963 376 2050 objicis,
403 1972 486 2030 irato
513 1966 692 2030 'lherbitae
718 1960 854 2030 fulmina
879 1963 971 2028 cudis

232 2065 275 2130 Et
301 2074 446 2149 spretum
473 2069 541 2128 nati
562 2069 687 2149 ‘pateris
713 2066 887 2128 morientis
913 2063 1082 2127 amorem?

231 2162 295 2228 llei
322 2164 416 2244 milri,
441 2162 525 2247 quod
552 2167 678 2229 meritis
704 2161 875 2224 damnatus
899 2158 1056 2225 fluctibus
1082 2160 1175 2225 orbis
1201 2205 1207 2213 -

232 2261 307 2326 Non
333 2266 439 2344 potuit
465 2259 586 2347 mergi!
614 2257 699 2324 coeli
724 2275 844 2322 secura
866 2261 1032 2341 morisque

232 2357 320 2423 Arca
343 2365 435 2421 natat
461 2364 622 2440 ventoque
650 2360 724 2419 sinu
748 2357 915 2418 tutissima
943 2352 1064 2418 claudit

231 2454 406 2539 Reliquias
432 2455 613 2532 hominum,
640 2472 777 2538 quorum
804 2448 845 2513 de
871 2454 974 2533 stirpe
1000 2459 1154 2537 nepotum

231 2550 384 2637 improbo
409 2555 588 2636 progenies
613 2555 808 2637 ingrataque
834 2555 1019 2630 cresceret,
1043 2554 1150 2634 ipsum

232 2647 383 2712 Aflixnra
411 2653 520 2727 cruci,
546 2645 645 2712 fixum
671 2652 807 2710 irrisura
833 2643 975 2710 salutis.

232 2744 425 2810 Authorem.
477 2743 577 2832 Vulgi
603 2745 748 2810 indomiti
774 2740 891 2810 feralia
916 2752 995 2810 rota
1044 2805 1046 2813 ι

232 2840 362 2906 Audisti
390 2846 540 2929 genitor3
567 2852 755 2929 quantoque
783 2842 899 2908 ardore
925 2843 1102 2906 frementes

232 2939 341 3004 Divini
369 2945 399 3002 in
427 2959 504 3004 sese
530 2963 655 3028 poenas
683 2963 766 3028 gens
794 2947 861 3005 iata
887 2945 1012 3004 cruoris

231 3036 275 3101 Et
300 3037 437 3102 norrdum
465 3044 595 3126 genitos
622 3039 804 3104 devolverit
828 3041 928 3121 impia
953 3039 1078 3101 nelos?

232 3134 399 3223 Sanguine
425 3141 454 3199 si
482 3144 571 3200 tanto
598 3141 684 3220 pomi
709 3132 895 3199 redimenda
922 3132 1040 3216 cupido
1066 3143 1134 3213 est,

232 3233 402 3321 Sanguine
430 3253 494 3318 quo
521 3239 602 3297 torrti
630 3232 807 3297 redimetur
833 3233 1005 3315 sanguinis
1030 3230 1138 3295 urnel'

329 3425 476 3492 Finierat
497 3427 609 3511 justas
636 3426 709 3490 diva
733 3425 889 3488 iracunda
915 3423 1069 3508 querelas

232 3523 340 3607 Atque
367 3544 478 3589 omnes
505 3546 569 3588 uno
596 3543 778 3602 consensu,
804 3543 867 3585 uno
897 3541 955 3586 ore
980 3523 1134 3588 favebant

232 3618 432 3684 Caelicolae.
484 3621 576 3685 llaec
600 3628 688 3686 inter
712 3624 798 3684 tristi
825 3619 1004 3685 Clementia
1036 3618 1127 3685 vultu

233 3714 384 3798 (iratior,
413 3725 448 3779 et
473 3718 627 3802 lacrymis
653 3717 768 3782 oculos
795 3719 940 3799 suffusa,
967 3725 1115 3802 parentis

230 3813 389 3878 Aetherei
417 3814 586 3902 complexa
611 3816 712 3901 pedes
737 3816 938 3902 procumbit,
966 3814 1085 3879 acerbo

231 3910 328 3978 Victa
355 3911 470 3977 dolore
496 3919 653 3997 animum,
684 3913 811 3999 quando
839 3911 1007 3997 placuisse
1033 3919 1227 3996 querentem

231 4009 374 4094 Aspicit.
423 4009 533 4096 Atque
559 4012 632 4076 ideo
660 4018 763 4076 iratae
789 4009 870 4076 nilril
896 4017 969 4097 ipsa
996 4015 1119 4092 sorori,
1209 4035 1213 4044 ·

231 4106 288 4171 Nil
314 4114 464 4192 superis,
491 4115 617 4194 primae
642 4131 724 4195 qnos
752 4106 969 4173 intractabilis
995 4113 1065 4171 ime
