3076 4744
144 209 192 306 42
650 227 893 284 oumsruuos
1081 185 1090 200 ⁰
1271 237 1410 290 ωι-ωι

229 415 466 497 Succumbent,
492 418 690 502 monitisque
712 419 798 500 tuis,
827 435 913 502 quos
938 412 1048 480 nullus
1074 413 1203 502 Olympi

227 515 317 580 Vicit
341 533 449 596 amor,
475 512 555 578 nulli
581 534 735 599 superum
761 512 1093 599 fregerevfuroresi.
1169 556 1172 565 -

229 612 266 678 Si
290 610 350 675 tibi
375 611 503 676 mortali
529 612 591 676 sub
616 620 753 698 pectore
779 631 915 692 numen,
943 618 978 675 et
1003 613 1070 698 ipsi
1117 661 1120 668 .
1194 658 1198 667 .

227 707 389 793 Maiestas
408 729 584 794 ecquaera
611 713 713 791 patri,
740 726 778 769 ac
803 714 940 772 aeterna
961 716 1138 793 potestasq
1232 759 1235 768 Δ

227 805 314 871 euro
339 807 491 891 lacrymis
517 825 602 888 opus
627 803 707 868 esti
732 811 891 870 nocturna
916 804 992 892 quid
1016 813 1093 872 avia
1118 807 1279 891 quaeris?

225 903 387 970 Virtutem
413 909 569 987 viresqne
595 908 686 983 tuae,
711 921 894 987 numenque
918 903 1088 989 decusque
1116 943 1120 949 ·
1158 971 1162 980 ,
1274 946 1278 962 ‚
1309 905 1315 915 '

224 1000 353 1082 Pande,
379 1001 490 1087 fugam
516 1003 681 1084 capimus,
706 1006 899 1084 captumque
923 1007 1120 1068 remittimus
1149 1001 1277 1080 orbonae

224 1097 365 1164 Mortali
385 1103 435 1161 siu
461 1101 564 1182 stirpe
589 1103 701 1180 setus,
728 1096 867 1184 solaque
893 1107 1063 1184 parentem

223 1193 424 1258 Aethereum
450 1199 572 1280 pietate
598 1194 724 1280 refersq
752 1215 812 1260 nec
839 1195 943 1280 majus
970 1198 1010 1260 ab
1037 1195 1106 1261 illis
1225 1247 1226 1252 1

223 1288 390 1378 Prodigiis
417 1293 522 1377 (quae
546 1293 644 1356 turba
668 1295 796 1376 stupet)
824 1315 1015 1378 nomenque·
1032 1293 1214 1379 decusque
1297 1293 1308 1330 ³

224 1385 389 1452 Affectas:
417 1395 564 1473 quamvis
589 1395 724 1474 proavis
749 1388 1022 1456 illustriornnos
1133 1432 1135 1441 =

223 1482 378 1568 Vatibus,
406 1506 448 1551 ex
473 1487 619 1572 scopulis
643 1485 767 1568 undas,
796 1506 837 1552 ex
862 1489 999 1554 aethere
1024 1488 1191 1556 flammas,
1254 1522 1258 1538 ι

221 1581 362 1664 Elicias,
391 1583 537 1648 tumulos
564 1584 709 1670 spolies,
736 1583 795 1648 des
823 1583 944 1650 lumina
970 1591 1100 1670 caecis,
1183 1619 1187 1630 ·

221 1679 395 1744 Phoebeas
416 1700 556 1746 revoces
582 1682 675 1746 caelo
701 1679 892 1768 indulgente
918 1683 1115 1771 quadrigas:
1186 1730 1215 1747 .,
1292 1696 1297 1706 ’

221 1776 297 1841 Non
323 1784 430 1842 tomen
458 1785 592 1845 aeterno
621 1799 723 1844 nexas
748 1777 919 1844 adamante
946 1788 1079 1846 catenae

221 1873 377 1939 Excuties
403 1874 562 1941 debellati
585 1877 770 1942 cervicibus
797 1877 903 1940 orbis:

220 1970 293 2038 Nec
318 1971 398 2037 dura
424 1975 567 2061 effugies
595 1978 802 2060 properantis
825 1975 955 2040 funera.
971 1974 1083 2039 retur„
1118 2025 1122 2034 .
1154 2045 1158 2052 ,
1212 1990 1216 2003 ·

220 2069 402 2135 Primorum
427 2070 499 2136 fera
525 2072 639 2156 corda,
668 2071 924 2158 Sadueaeosque
950 2075 1088 2139 venenis

219 2165 365 2233 lnfeotos
390 2167 534 2256 Stygiis,
561 2169 670 2235 studia
693 2177 725 2234 in
752 2169 885 2236 diversa
909 2175 1015 2259 coligi.
1139 2199 1142 2206 ’
1228 2202 1257 2232 .·
1294 2173 1296 2180 ’

219 2263 330 2349 Serpit
352 2269 535 2332 visceribus
563 2269 674 2348 tabes,
702 2274 869 2352 tacitoque
896 2267 1056 2334 medullas
1162 2298 1168 2322 ι
1211 2295 1215 2316 ··
1267 2267 1308 2324 ,τ’
1373 2292 1378 2300 ’

217 2358 343 2445 lllapsu
369 2362 530 2441 inliciens,
558 2383 620 2424 nnn
646 2361 824 2424 eluctabile
851 2362 940 2424 ondit
1022 2411 1026 2420 .
1061 2406 1063 2416 .
1304 2415 1308 2424 .

216 2454 252 2517 lu
279 2463 335 2518 tua
361 2454 431 2518 fata
457 2455 573 2520 odium.
624 2455 824 2539 Semperne,
852 2463 911 2520 eut
933 2456 1030 2520 nubis
1054 2463 1198 2523 amictu
1279 2503 1283 2511 ·

218 2550 423 2615 Circumlnso
451 2549 566 2616 oculos
592 2551 706 2632 falles,
734 2556 907 2635 spissneve
932 2554 1081 2620 tenebris
1175 2605 1178 2612 r
1229 2585 1232 2593 ·
1291 2561 1293 2568 '

217 2647 354 2729 Noctis,
381 2654 414 2711 et
438 2653 562 2736 ignotis
590 2650 731 2736 fugitive
756 2649 877 2713 latebis
901 2656 932 2714 in
961 2654 1095 2718 annis?
1142 2661 1181 2697 ·'
1229 2703 1233 2713 .
1277 2672 1306 2714 1.

216 2746 372 2811 Dixerat:
399 2753 433 2809 et
458 2745 580 2810 vultum
607 2753 748 2834 exangui
773 2747 899 2832 pallore
925 2753 1090 2836 rigentem
1172 2777 1175 2784 ·
1207 2801 1210 2808 .

217 2841 409 2925 Aspicicns,
436 2849 470 2907 te
498 2843 669 2913 (311sser
696 2852 792 2933 gravi
817 2846 989 2912 formidine
1014 2849 1152 2934 captum.
1174 2875 1208 2910 :,=
1250 2875 1265 2898 ν

218 2937 362 3004 Credidit
388 2939 525 3006 illusus:
553 2963 659 3028 neque
685 2949 769 3008 enim
796 2950 829 3006 te
855 2951 1002 3030 corporis
1032 2949 1152 3033 ingens
1249 2973 1257 3006 .·

216 3037 347 3102 Terruit
374 3038 540 3104 horribilis
565 3041 690 3121 moles,
717 3059 785 3103 nec·
802 3039 922 3106 frontis
949 3043 1075 3107 nhenae

215 3133 327 3200 Triste
352 3136 584 3222 supercilium,
612 3144 669 3200 aut
692 3135 783 3199 dirae
810 3137 1017 3202 inclementia
1041 3140 1187 3220 formae,

214 3230 283 3296 Aut
308 3256 370 3298 vox
398 3232 594 3298 horrendum
620 3233 778 3299 stridens:
806 3243 861 3299 est
888 3236 1021 3301 barride
1046 3236 1156 3302 muudi
1220 3291 1222 3298 .
1305 3276 1306 3285 κ

214 3328 377 3416 Flagitia,
405 3331 663 3416 incumbensque
690 3332 836 3397 humeris
863 3333 1057 3416 inamabile,
1084 3334 1222 3399 durum.
1300 3360 1309 3394 ,ι

215 3426 391 3510 Nequitiae
416 3433 594 3492 communis
622 3449 721 3516 onusq
747 3450 811 3515 qno
834 3431 924 3496 foeta
949 3439 1085 3517 perenni

214 3523 358 3588 Luxuria
383 3523 565 3609 scelerum,
591 3534 625 3590 et
649 3545 781 3613 semper
805 3529 1031 3595 crescentibus
1056 3527 1177 3613 Hydris
1208 3561 1224 3578 -,

216 3620 358 3686 Saecula
384 3620 571 3687 demersere
599 3626 733 3690 orbem:¹
757 3648 821 3711 quo
848 3630 955 3691 invisa
980 3626 1119 3690 Tonanti

217 3719 324 3784 Caeca
348 3725 564 3804 superstitio,
590 3730 725 3788 truncos
745 3729 788 3802 vin·
807 3728 944 3788 numina.
961 3723 1106 3804 findens,

216 3816 410 3905 Omnlgenis
435 3817 601 3884 scelerum
625 3825 781 3884 monstris
807 3818 920 3886 effodit
946 3819 1114 3898 habenas,

217 3913 416 4002 omnemque
442 3925 579 3982 aeterno
607 3914 771 3980 damnavit
799 3917 914 3982 tnnere
941 3916 1110 3980 mundum—2

215 4007 336 4077 Niliaci
360 4032 461 4097 snper
486 4013 568 4076 baec
589 4031 651 4096 per
675 4012 975 4099 inhospita-lustra
995 4011 1126 4097 juvenci
1164 4059 1167 4070 .
1199 4039 1214 4074 ;;
1291 4030 1303 4056 ,-

215 4107 315 4194 lmpia
339 4110 489 4198 relligio,
515 4109 694 4196 populique
719 4108 852 4197 indigne
877 4115 1022 4193 protervi
