3082 4746
666 227 908 282 critisrianos
1288 227 1427 280 tlt—w

340 416 398 482 Nil
421 416 520 481 breve
545 427 705 482 terrarum
728 419 898 504 imperium
921 415 1098 498 fascesque
1119 415 1292 500 superbos,

119 537 125 547 ·
241 514 371 582 Judeac
400 514 445 578 nil
471 524 604 602 sceptra
628 531 747 580 moror.
799 502 953 580 Peritum
978 511 1094 578 caduci

243 613 358 702 Regna
382 621 516 701 petaut3
542 613 634 680 orbis
660 611 783 677 Caesar
809 611 1002 678 moderetur
1023 609 1181 676 habenas.

243 710 355 795 Majus
382 732 466 795 opus
491 731 628 796 move03
654 706 857 794 melioraque
883 728 1003 796 regna,
1029 709 1160 796 fugacis

242 809 404 874 Fortunae
430 810 566 873 arbitrio
592 808 759 890 duraeque
786 812 947 892 impervia
972 811 1085 887 morti,

243 905 383 972 diiecto.
438 906 600 972 Proovum
622 904 735 968 dextra
760 911 789 968 si
817 911 954 990 sceptro
979 912 1140 983 tenerem,

242 1004 317 1069 Non
344 1024 409 1091 ego
438 1009 503 1066 tam
532 1003 651 1066 infidos
678 1021 836 1086 proceres
862 1008 897 1065 et
921 1001 1043 1088 frigida
1067 997 1156 1064 bello

243 1102 386 1166 Pectora
410 1107 445 1163 et
470 1105 607 1185 ignavas
633 1099 778 1186 legerem
806 1099 867 1164 sub
892 1105 991 1188 signa
1016 1099 1187 1180 cohortes,

241 1195 286 1261 Ut
310 1197 418 1262 foedis
444 1195 565 1262 domini
591 1197 725 1284 religari
752 1197 837 1262 colla
863 1203 989 1262 catenis

242 1294 415 1382 Regiaque
437 1295 579 1382 indiguis
606 1301 796 1378 paterentur
818 1294 955 1360 brachia
979 1293 1107 1360 vinclis.

339 1487 584 1576 Magnanimum
610 1509 723 1553 vocem
751 1497 784 1554 et
810 1495 968 1577 generosi
995 1492 1140 1576 pectoris
1166 1495 1283 1575 ingens

242 1584 424 1673 Obstupuit
448 1593 616 1672 specimen
637 1584 759 1669 judex,
786 1586 1204 1672 mentemque-loquentis,

242 1683 416 1769 Caecaque
443 1684 650 1768 perpendens
676 1686 848 1750 verborum
876 1693 1078 1772 aenigmata,
1106 1689 1212 1749 nescit

245 1780 404 1845 Arcanum
429 1790 620 1869 penetrare3
646 1782 757 1847 scelus
783 1790 891 1848 tamen
918 1803 1011 1847 omne
1035 1780 1143 1846 refelli

242 1878 355 1943 Cernit
382 1887 417 1944 ct
443 1880 594 1946 obscuris
622 1879 760 1966 aliquam
786 1881 994 1944 sermonibus
1017 1879 1090 1944 addi

242 1975 439 2061 Exporcens·
459 1977 589 2063 locem7
611 1978 788 2042 subridens
814 1975 936 2044 talibus
959 1977 1048 2042 infit:

341 2170 431 2260 Ergo
458 2172 519 2237 tibi
544 2173 694 2261 (linguae
722 2177 860 2238 nisime
886 2171 1029 2238 fallentis
1052 2177 1139 2236 inani

244 2268 382 2334 Deludis
410 2276 568 2354 strepitu)
590 2273 649 2355 jus
675 2269 863 2336 inviolabile
889 2277 984 2357 regni
1010 2270 1090 2334 esta
1145 2311 1147 2316 -

343 2463 431 2526 Vera
458 2461 578 2542 refers,
606 2462 727 2526 subicit
753 2463 966 2548 Curiorum
991 2467 1178 2551 mereglos
1201 2472 1314 2528 ornat

244 2559 315 2623 Nec
341 2563 507 2643 periturus
535 2560 653 2624 honos.
705 2560 768 2624 ras
794 2568 847 2626 est
873 2560 951 2624 mibi
977 2581 1058 2626 vera
1083 2560 1198 2643 lateri3

243 2658 393 2740 Namque
420 2655 494 2720 idco
520 2657 698 2722 aethereas
724 2663 797 2722 verni
822 2657 973 2722 mortalis
999 2664 1030 2724 in
1057 2679 1174 2740 aurae,

243 2753 287 2818 Ut
311 2752 430 2818 blanda
455 2765 568 2842 captas
595 2755 673 2820 falsi
695 2755 868 2821 dulcedine
894 2765 1023 2821 mentes

243 2851 410 2916 Erncrem.
462 2849 540 2917 Veri
568 2859 752 2940 quicunque
775 2860 931 2919 incensus
958 2859 1163 2934 moreest,

244 2949 376 3014 Dicenti
401 2971 522 3037 pronas
547 2957 652 3038 aperit
676 2952 754 3016 mibi
780 2951 935 3016 credulus
961 2971 1060 3015 aures

244 3045 472 3134 Agnoscitque
497 3071 591 3114 suum
617 3055 757 3135 purgato
784 3055 918 3131 pectore
942 3048 1077 3134 Regem.

341 3242 436 3306 Talia
460 3242 598 3308 dicenti:
626 3241 721 3328 quid,
747 3246 811 3322 ait,
838 3241 900 3306 sub
928 3246 1054 3306 nomine
1080 3247 1149 3305 veri

246 3339 428 3403 Occultos.o
454 3357 611 3424 quaenam
637 3339 720 3402 baec
746 3358 844 3402 caeco
870 3338 926 3403 lux
952 3339 1070 3404 abdita*
1084 3337 1201 3402 mundo

245 3436 287 3498 Et
312 3442 419 3500 servis
442 3434 621 3500 manifesta
645 3436 739 3500 tuis?
765 3441 813 3499 sic
839 3436 954 3501 deinde
980 3435 1130 3516 locutus,

245 3531 317 3595 Non
342 3540 516 3618 expectato
542 3537 637 3596 tectis
665 3553 702 3600 se
727 3538 878 3618 protinus
905 3534 1002 3598 effert

246 3630 421 3715 Responso
448 3635 680 3714 insontemque·
701 3630 806 3717 palam
837 3637 988 3695 testatur.
1040 3629 1084 3694 At
1109 3629 1226 3694 hostes

245 3727 364 3792 lnsano
387 3727 536 3806 fremitu,
563 3727 783 3813 laudantque
811 3728 942 3794 infando
965 3728 1114 3794 furentes
1259 3731 1263 3738 '

246 3825 437 3890 Exclamant
458 3823 619 3890 Judaeam
645 3846 770 3889 omnem
796 3825 1025 3911 Soipnanque
1050 3829 1206 3906 venenis,

247 3923 343 3989 Quae
369 3911 487 4006 patriis
513 3927 637 4006 sparsit
660 3920 827 3996 Galilaeae
854 3943 1013 4009 egressus
1040 3923 1082 3987 ab
1106 3927 1189 4004 oris,

247 4020 409 4086 Dulcibus
435 4019 578 4084 afflatam
599 4018 709 4084 studia
736 4026 768 4084 in
792 4028 953 4086 contraria
981 4021 1093 4086 scindi.

249 4115 398 4183 Oblatum
423 4123 584 4201 arripiens
602 4116 706 4201 judex
732 4116 935 4184 laetissimus
962 4139 1073 4186 ansam
