3082 4746
655 189 897 246 cautissimos

236 375 319 440 (luis
348 379 491 462 gemitus
516 379 646 457 reatris,
673 379 747 460 quis
773 383 840 444 uati
866 384 967 463 ponet
992 380 1166 442 amorem?

236 473 319 538 (luis
346 477 489 560 gemitus
517 478 599 554 uati,
626 478 701 558 quis
726 481 840 539 metris
869 481 970 560 ponat
995 493 1155 555 amorem,

235 571 320 635 Dum
346 591 425 636 sese
451 575 632 656 aspiciunt,
660 592 744 636 nova
769 578 864 637 matri
890 555 1025 638 v'ulnero
1051 578 1166 652 natus,

236 668 279 732 lit
304 677 379 733 nato
406 668 486 733 fecit
512 667 625 734 infelix
649 687 733 732 uova
758 669 894 734 vulnera
918 677 1030 735 mater.

236 766 386 853 Namque
413 788 494 832 suos
520 771 615 852 virgo
641 771 784 852 genitrix
811 767 912 833 oblito
937 766 1078 844 dolores,

235 864 270 929 ln
297 874 373 929 nato
399 870 497 949 perit.
549 861 609 927 llle
633 884 714 927 suos
740 862 882 950 oblitus,
908 885 1020 930 amaro

137 1021 144 1030 .
234 962 398 1049 Ingemuit
422 966 568 1049 graviter
594 965 754 1026 miserans
781 967 963 1049 genetricis
989 968 1024 1028 et
1049 961 1148 1028 orbae

236 1059 376 1124 Saucius
402 1080 550 1125 occursu.
602 1057 676 1122 Nou
704 1065 755 1124 sic
780 1059 969 1148 specularia
993 1058 1105 1126 vultus

236 1155 418 1240 Trajiciunt
444 1164 586 1242 opposta
609 1177 708 1239 suos,
735 1179 798 1221 non
825 1164 944 1244 impete
968 1166 1076 1237 tanto,

235 1255 315 1319 Cum
342 1275 380 1318 se
405 1256 539 1320 formosi
566 1258 722 1320 mirantur
747 1263 937 1341 amarrtqne,
964 1275 1023 1340 per
1049 1259 1146 1339 ipsos

235 1352 479 1417 Transcurrens
505 1350 620 1417 oculos
649 1358 794 1417 amorio
822 1352 1026 1438 praecordio,
1052 1350 1200 1422 flammas

235 1448 347 1536 Auget
372 1461 406 1515 et
431 1449 556 1515 alterno
583 1450 730 1514 confixos
756 1449 894 1520 vulnere
916 1450 1033 1536 perdit.

238 1546 343 1611 (luam
369 1547 471 1612 vellet
496 1553 562 1613 nati
589 1552 695 1630 pietas
723 1548 836 1632 procul
863 1569 940 1614 esse
965 1547 1154 1632 parentem!

236 1644 344 1709 (trram
369 1653 504 1730 cuperet
525 1649 670 1733 genitrix
696 1652 765 1710 nati
791 1665 981 1732 poenosque
1007 1663 1186 1728 necemque

237 1741 369 1828 Perpeti
394 1751 428 1807 et
455 1743 567 1808 infami
593 1763 780 1828 supponere
807 1743 942 1816 brachia
966 1741 1097 1822 trunco!

237 1840 323 1905 (luis
349 1845 437 1906 tristi
463 1859 582 1905 scenae
609 1845 759 1926 geminos
786 1845 960 1906 miseratus
987 1846 1134 1904 amantes

238 1937 403 2022 Siparium
429 1937 590 2003 obdunlt.a
615 1937 754 2003 medium
783 1944 857 2023 quis
884 1943 1013 2002 numine
1037 1935 1145 2002 divum

238 2034 324 2101 Sese
351 2041 582 2120 interponens,
609 2035 691 2100 solis
718 2035 879 2122 lunaeque
905 2034 1040 2100 labores

236 2132 448 2220 Eclipsinque
473 2133 559 2199 illam
586 2134 761 2218 impediit?
789 2154 848 2198 vos
876 2132 972 2198 dicite
998 2132 1081 2214 divi,

237 2229 281 2295 Et
305 2231 434 2299 vidistis
460 2239 546 2298 enim
572 2230 700 2319 Aligeri
722 2238 756 2298 et
783 2250 962 2296 memorare
987 2235 1148 2315 potestise

336 2426 410 2490 Non
439 2427 554 2513 procul
581 2426 723 2492 Aeratae
747 2427 845 2492 ferali
870 2449 891 2494 a
915 2427 1023 2492 limine
1047 2432 1179 2512 portae,

167 2573 169 2578 -
237 2522 361 2589 Judicii
387 2530 439 2588 cui
465 2545 648 2612 cognomen
674 2525 854 2612 longinqua
878 2531 1027 2592 vetustas

238 2619 416 2688 Addiderat
441 2629 596 2708 (namque
619 2622 673 2686 hic
699 2621 774 2687 olim
796 2622 951 2688 damnare
977 2629 1135 2688 nocentes

237 2717 403 2799 lsacidae‚
430 2719 484 2785 hic
509 2719 627 2784 dubias
644 2720 747 2808 judex
772 2742 976 2810 cognoscere
1003 2739 1148 2800 causus,

237 2815 321 2879 Dum
348 2823 453 2881 staret
479 2817 630 2903 Solymo,
658 2829 693 2884 et
718 2825 811 2907 regui
838 2821 970 2886 fortuna
997 2823 1158 2897 renueret)

238 2911 345 2978 Claris
372 2921 445 2980 orta
470 2922 576 2981 atavis
601 2916 760 2982 Berenice
787 2919 973 2999 habitabat,
1001 2936 1134 2980 avorum

236 3008 401 3077 Illustrem
428 3012 525 3079 claris
549 3015 664 3080 famam
692 3016 867 3080 virtutibus
891 3033 1023 3078 ornans.

185 3140 187 3144 ·
235 3108 335 3176 Addit
359 3117 395 3174 ut
420 3116 565 3176 insertus
589 3111 679 3177 fuluo
706 3111 923 3178 carbunculos
948 3129 1029 3178 auro

234 3206 381 3274 Vibranti
409 3207 541 3296 fulgore
565 3208 676 3273 decus.
728 3209 893 3276 CHRISTI
917 3205 975 3272 illa
1000 3205 1149 3273 docentis

234 3304 338 3370 Sacra
362 3311 477 3392 sequi,
503 3310 584 3370 miro
611 3305 746 3370 ardebat
770 3310 914 3390 vestigia
943 3325 1074 3386 amore,

233 3402 277 3466 Et
301 3404 385 3468 tides
412 3404 572 3487 praebere
598 3407 660 3486 piis
684 3393 869 3468 hortatibus
896 3421 1006 3466 aures.

234 3498 325 3585 Ergo
352 3500 406 3562 ubi
433 3498 616 3564 damnatum
641 3500 778 3587 produci
803 3497 891 3564 fama
916 3505 1062 3584 stupenti

233 3595 378 3675 Detulit,
404 3599 531 3684 ingenti
557 3606 696 3663 mentem
723 3597 856 3664 turbata
882 3595 1014 3679 dolore,

234 3692 347 3779 Sepsit
370 3712 408 3757 se
431 3699 531 3760 tectis
555 3693 772 3783 lacrymisque
798 3693 932 3761 indulsit
957 3694 1114 3759 habenas.

232 3791 276 3858 Ut
301 3813 381 3859 uero
409 3788 550 3858 clamore
576 3799 680 3859 virum
707 3802 740 3860 et
766 3793 908 3860 clamore
934 3793 1083 3859 tubarum

233 3890 368 3974 Excita‚
395 3909 414 3955 e
440 3890 588 3978 speculis
614 3890 736 3977 injusto
761 3891 905 3979 pondere
933 3894 1023 3956 saevi

233 3989 362 4076 Stipitis
388 4010 585 4079 oppressum
610 4002 788 4076 prorepere
815 3989 896 4054 vidit
919 3997 953 4052 et
977 4008 1035 4052 ora
1103 4038 1106 4044 .

233 4085 378 4175 Virginis
403 4093 434 4154 in
461 4095 537 4153 nato
564 4093 695 4174 natique
721 4094 753 4154 in
780 4091 908 4174 virgine
935 4086 1016 4168 fixe3
