3082 4746
149 205 282 260 ens-su
692 193 802 252 tristia
824 195 873 248 ix.

148 429 156 444 ι
235 386 439 454 Matthaeum
463 383 681 466 Thomamre,
707 387 918 471 gementisve
940 387 1000 446 ura
1026 383 1187 466 Thadaei,

235 485 349 552 Solum
373 488 406 549 in
431 487 611 568 conspeetu
638 481 790 548 duodeno
816 501 859 546 ex
884 484 1012 567 agmirm
1038 487 1144 548 cernit

234 583 421 648 Plorantem
446 581 578 648 Dumiut
601 577 670 644 fata
695 578 1052 644 immutu1·aJ0anuem

234 681 278 746 Et
304 689 519 746 matronarum
545 675 707 761 lacrymas
732 675 908 740 hincinde
934 685 1138 762 sequentum.

235 778 425 864 Ostuporl
455 774 512 841 ille
536 779 663 840 suimus
688 773 768 839 nulii
794 773 992 857 superabilis
1019 783 1132 839 uestro

234 874 446 957 carnificum,
472 891 567 938 mens
591 869 651 936 illa
673 879 802 958 petrum
829 877 907 950 [eeu
933 891 1035 936 saxea
1060 891 1158 957 rupes

216 971 436 1058 ·0ppugnate
459 974 546 1036 omni
560 967 682 1056 ,pelagi
707 967 860 1055 coelique
886 968 1045 1049 tumultu)
1167 988 1169 994 ’
1197 1003 1204 1018 ,

232 1070 297 1135 Tot
321 1070 420 1135 furiis
446 1072 595 1149 immota,
621 1087 679 1133 cur
703 1064 951 1155 impenetrabile
976 1064 1055 1130 telis

232 1166 352 1233 Mortis
379 1172 413 1231 et
437 1164 557 1232 inserui
583 1171 618 1230 et
642 1162 766 1252 linguis
790 1163 1002 1253 graviurssrus
1026 1172 1098 1230 atra

232 1263 375 1350 Cuspide
400 1271 591 1349 serpentum
617 1261 805 1347 Nesseique
829 1267 907 1350 igne
939 1267 1075 1346 verrent,

231 1361 426 1449 Ingemuere
450 1363 515 1445 piis
535 1359 704 1445 lacrymis.
754 1359 818 1425 Tot
844 1359 982 1424 verbera
1008 1358 1131 1424 nullum

231 1459 413 1525 Extorsere
439 1478 544 1546 aegro
568 1463 744 1544 gemitum,
771 1457 956 1544 surdusque
981 1455 1151 1542 silensque

230 1555 327 1623 Mille
352 1555 567 1622 insultantum
593 1559 746 1640 crispanti
773 1576 852 1620 nare
879 1554 1054 1620 caelrInnos

230 1653 484 1739 Scomrnataque
508 1659 656 1738 excepit3
682 1657 761 1719 vicit
785 1655 957 1739 patientia,
983 1653 1137 1739 quiequid

229 1750 384 1837 Impietas
410 1771 493 1816 ausa
517 1757 587 1835 est3
609 1756 765 1838 pietatem
793 1757 931 1816 uincere
957 1757 1093 1816 matrum

230 1849 306 1914 Non
332 1853 446 1934 potuit.
497 1847 627 1934 Faller3
655 1868 761 1934 neque
787 1854 871 1912 enim
897 1852 1055 1933 patientia
1081 1853 1169 1914 victa
1194 1860 1264 1932 est,

231 1945 298 2013 Sel
323 1945 431 2012 facilis
455 1951 540 2012 vinei
565 1951 674 2030 pietas
700 1952 734 2010 et
758 1951 875 2011 nescia
899 1951 1061 2010 amantum

231 2042 298 2110 Aut
323 2049 410 2111 votis
436 2063 535 2110 aures
560 2049 617 2108 sut
641 2043 744 2108 verba
769 2062 893 2130 negare
918 2041 1034 2108 dolori.

327 2238 380 2304 Ne
407 2257 505 2319 vero,
531 2257 572 2302 nc
598 2257 651 2302 me
675 2237 786 2302 rluri
777 2259 810 2301 m
836 2244 1001 2303 certamen
1028 2246 1160 2304 euntem

230 2338 370 2402 Funeris
396 2335 451 2400 his
475 2340 615 2400 miserae
626 2335 793 2437 lacrymis
820 2343 956 2402 onerate
981 2341 1153 2421 parentes!

231 2433 300 2499 Vns
324 2439 452 2520 potius,
482 2453 541 2498 ros
569 2404 647 2498 llete
673 2431 890 2519 infelicesque
917 2439 1067 2518 nepotes.
1150 2482 1153 2490 r

229 2533 392 2629 Namque
407 2529 478 2596 dies
505 2527 792 2611 intercludant,
816 2553 912 2616 quam
938 2551 1069 2616 semper
1091 2540 1212 2598 amaris

227 2616 400 2694 lncesscn't
425 2627 506 2692 (liris
532 2639 655 2694 matres
680 2628 907 2714 foecundaquc
933 2650 1077 2694 saevo

228 2727 367 2792 Viscera
391 2725 564 2792 tundentes
590 2725 741 2811 planetu,
765 2727 879 2792 felicia
906 2725 1016 2790 dicent

227 2824 411 2908 Flammea,
436 2823 554 2888 felices
578 2822 711 2906 taedas,
740 2845 822 2909 quas
847 2822 935 2886 nulla
959 2833 1077 2888 secuta
1100 2833 1153 2889 est

230 2921 410 2989 Vindictam
435 2921 574 2986 sceleris
600 2920 715 3008 proles
740 2920 863 2987 luitura
887 2927 1026 3006 paterni.

227 3021 257 3086 0
283 3022 446 3085 miserae!
472 3019 635 3085 immundo
662 3018 815 3084 foedatos
839 3017 976 3102 pulvere
1004 3023 1112 3083 crines

226 3115 414 3201 Luridaque
440 3117 547 3182 infixis
571 3117 763 3182 lacerabunt
787 3117 951 3204 unguibus
977 3136 1046 3180 ura.

227 3215 424 3297 Praecipitis
448 3214 607 3298 scopulos
633 3214 813 3300 avulsaque
839 3218 970 3278 viscera
995 3220 1113 3280 montis

227 3311 262 3376 ln
289 3329 352 3374 sua
377 3309 509 3376 devolvi
535 3317 644 3396 capita
669 3322 704 3378 et
729 3311 856 3377 telluris
878 3331 1007 3397 opacae

226 3408 393 3493 Optabunt
418 3407 574 3474 barathro
603 3409 707 3475 condi.
759 3408 854 3474 Mars
881 3408 991 3474 ferrea
1015 3408 1118 3474 durus

226 3506 358 3571 Ridebit
383 3512 525 3593 gemitus
550 3513 727 3592 optataque
749 3506 820 3571 tela
842 3507 1007 3573 recondet.

226 3602 287 3670 His
311 3601 471 3689 lacrymas
496 3611 629 3668 seruate
651 3604 766 3686 malis,
790 3604 874 3668 haec
898 3612 1048 3690 tempera
1076 3606 1171 3690 flete,

226 3701 310 3765 Nam
337 3701 473 3766 viridem
498 3708 588 3766 tauto
611 3721 734 3774 ramum
759 3707 789 3766 si
814 3705 949 3788 corripit
974 3709 1080 3791 ignis,

226 3797 326 3864 Arida
353 3821 418 3886 quc
445 3797 576 3866 taudem
601 3805 707 3886 rapiat
732 3799 878 3888 virgulta
902 3801 1044 3867 lurore?

322 3991 413 4058 llaec
439 3995 493 4060 ubi
519 3993 624 4080 licta,
648 3995 715 4062 alin
740 3995 953 4081 lacrymarum
978 3995 1111 4062 flumine
1134 4015 1276 4064 mersam

225 4088 344 4157 Incidit
368 4096 400 4156 in
425 4099 561 4160 matrem
588 4113 732 4181 sesque
758 4099 949 4182 egueritis
978 4091 1055 4176 tllaq
