3056 4758
10 291 14 334 q
129 267 265 319 att-*noa
649 261 768 316 'LlBllll
794 262 866 316 xvi.

216 450 319 530 Arca,
345 447 438 513 salus
464 447 571 514 mnndi
598 453 631 514 et
655 456 790 536 generis
817 447 970 538 designat
995 450 1139 540 asylum,

216 545 389 633 Relliquiis
415 549 577 611 hominum
596 545 734 631 jactatis
759 569 904 633 aequore
930 555 1001 612 toto

93 654 100 667 ’
216 645 375 710 Securum
402 653 593 731 praestans,
620 644 715 708 coelo
740 651 951 733 impugnante
976 645 1133 730 soloque,

215 743 420 828 Hospitium,
446 748 510 807 nisi
536 751 587 808 tot
612 741 777 808 scelerum
802 744 988 808 involvente
1014 749 1123 825 ruina,
1193 787 1200 798 -

177 851 181 855 ’
214 842 278 905 Tot
303 861 455 926 superum
479 839 576 920 telis,
603 847 653 904 tot
678 842 879 926 conjurantis
905 841 1054 906 Averni.

214 939 370 1003 Pestibus
396 943 602 1003 interiturum
628 938 739 1002 orbem
766 949 952 1026 gentesque
979 943 1113 1022 perenni

213 1035 417 1124 Naufragio,
445 1057 526 1121 quas
551 1036 691 1100 vivificis
719 1057 797 1100 crux
825 1037 927 1101 ardua¹
953 1039 1067 1100 ramis·

214 1136 287 1200 Non
315 1141 444 1221 tegeret
468 1139 541 1219 puri
566 1133 725 1198 lustratas
751 1133 892 1208 fluminis
919 1135 1033 1200 nuda?

213 1234 287 1298 dam
314 1230 444 1296 tarrdem
470 1236 559 1296 nimii
582 1237 717 1296 victum.
731 1230 902 1295 dulcedine
928 1236 1049 1295 amoris
1148 1276 1150 1285 .

213 1331 361 1396 Exanimi
388 1329 525 1393 similem
556 1329 742 1414 nudumque
761 1327 874 1412 jacere
901 1329 1061 1393 Nodmum

214 1429 344 1493 Gemite
371 1435 405 1488 et
430 1433 548 1514 ingrati
578 1434 652 1511 post
677 1425 857 1490 scommata
881 1426 979 1491 foeda
1010 1430 1160 1511 nepotis,

214 1528 307 1592 (luae
333 1523 449 1588 deinde
475 1544 618 1589 excusso
643 1544 786 1611 surgens
813 1531 990 1612 praesagia
1015 1544 1129 1588 somno

212 1625 246 1692 ln
273 1642 370 1687 seros
396 1621 508 1687 Chami
535 1620 648 1686 fundat
671 1621 829 1708 Seruique
856 1629 1007 1708 nepotes.

212 1723 254 1787 Et
279 1719 434 1784 dubitatis
462 1717 586 1800 adhue,
619 1741 678 1784 cur
703 1739 780 1784 sera
805 1741 844 1784 ae
870 1726 964 1784 unies
986 1717 1101 1804 proles

213 1819 382 1904 Longaevi
408 1818 555 1883 manibus
572 1817 751 1881 'mactanda
776 1822 942 1901 parentis,
969 1822 1000 1880 in
1027 1817 1084 1882 alti

212 1918 287 2002 lpse
314 1920 385 1978 suis
410 1915 564 1992 humeris·
581 1914 692 1979 tulerit
717 1916 855 2003 fastigia
880 1906 1000 1978 montis

212 2015 325 2079 lsaeus
352 2018 541 2098 impositum
568 2013 717 2079 fascem.⁰
744 2033 869 2098 curque
894 2012 950 2076 ille
977 2017 1148 2096 repertus,

179 2181 183 2186 ,
213 2113 313 2197 lnque
339 2115 443 2174 vicem
468 2116 561 2197 puem'
590 2115 713 2194 (neque
740 2115 825 2173 enim
854 2115 937 2174 satis
963 2109 1022 2172 illa
1046 2109 1170 2172 fnisset

212 2210 330 2275 Hostia
356 2207 549 2272 coelicolum
577 2213 607 2272 in
635 2229 748 2291 pacem
775 2208 948 2291 mundique
974 2207 1134 2288 salutem]
1203 2255 1206 2261 -

213 2305 381 2371 Occiderit
407 2304 518 2370 densis
545 2312 633 2370 aries
660 2311 693 2369 in
720 2306 877 2390 vepribus
903 2305 1070 2378 haerens.a
1143 2319 1144 2322 ’
1268 2295 1271 2300 ’
1300 2336 1304 2348 ·

212 2405 262 2470 Αη
289 2427 352 2468 non
377 2403 526 2468 Isaoidae
551 2413 661 2490 terrae
687 2403 795 2468 delixa
820 2402 1070 2490 polumque„¹

213 2502 343 2567 Vertice
368 2501 499 2566 sublato
526 2507 723 2588 contingens
750 2501 839 2566 scala
862 2500 981 2566 Jac'obi
1036 2523 1068 2564 .·,
1103 2557 1105 2562 ,

213 2599 333 2664 Umbra
352 2620 468 2664 sacrae
491 2605 599 2663 crucis
622 2603 700 2664 est?
727 2605 856 2664 vinctus
880 2606 931 2664 oui
955 2581 1089 2662 brachia
1111 2595 1307 2664 CHRISTUS

213 2697 394 2782 Supposuit
420 2697 611 2782 fessumque
641 2697 767 2780 caputiJ

213 2794 338 2877 Vultis,
364 2803 401 2856 ut
427 2793 570 2880 indignis
595 2791 685 2858 Juda
709 2792 868 2857 vendente
895 2745 1104 2877 doseplrum

213 2891 408 2979 lmplicitum
435 2889 552 2954 vinclis
578 2890 747 2955 referam?
776 2899 811 2953 nt
835 2891 990 2952 cisterna
1008 2888 1220 2974 sepulchrum

212 2991 403 3078 Designeti’
431 2987 581 3053 dominae
606 2995 643 3052 ut
669 2997 801 3071 spretae
827 2993 1013 3072 importuna
1038 2985 1140 3050 libido

212 3089 256 3152 Et
282 3086 377 3151 dolus
404 3085 552 3152 infandas
578 3085 778 3173 synagogae
805 3085 940 3148 denotet
965 3083 1074 3150 irasP.
1141 3077 1153 3105 ³

213 3185 256 3251 Ut
280 3184 406 3249 tandem
435 3184 575 3249 invidiae
601 3189 706 3248 victor
733 3188 914 3267 mortisque
938 3179 1119 3263 dosephns.

212 3285 333 3350 Fenrea
355 3303 523 3368 purpureo
547 3289 723 3358 commutet
748 3279 877 3344 vincula
899 3281 1050 3344 amictu?
1148 3329 1156 3356 ·.

213 3381 330 3445 Omnia
352 3380 421 3464 jam
447 3380 640 3462 manifesta3
666 3399 728 3441 sna
754 3378 836 3442 haec
862 3380 1017 3459 mysteria
1041 3375 1114 3440 luce

212 3477 381 3542 Illustrata
406 3481 531 3540 micant.
586 3474 634 3539 An
662 3497 725 3538 non
753 3495 812 3558 per
835 3473 945 3536 limina
970 3493 1089 3558 sparso

214 3574 382 3660 Sanguine
409 3578 535 3638 mactati
562 3572 659 3636 lestis
686 3571 905 3636 paschalibus
932 3569 1037 3657 Agni‚
1107 3614 1112 3626 ·

214 3672 362 3737 Niliacae
390 3675 546 3736 extinctis
570 3677 648 3734 rnatu
673 3667 853 3752 majoribus
881 3689 978 3751 orae,

212 3769 358 3834 lsacidas
383 3777 510 3834 stratos
537 3789 599 3856 per
623 3767 706 3832 dura
731 3766 986 3831 cubiliasomni
1061 3757 1066 3770 ’

215 3864 350 3932 Securis
376 3865 550 3953 tranquilla
576 3871 672 3951 quies
697 3864 905 3950 amplectitur
929 3865 1020 3930 alisiJ

215 3965 371 4029 Quisnam
400 3963 455 4028 ille
478 3972 514 4044 (o
542 3952 697 4047 ramnes)
724 3967 836 4030 intacti
864 3962 1002 4028 velleris
1025 3981 1149 4048 agnus,
1198 4008 1201 4017 .
1258 3995 1263 4005 ·

216 4062 274 4126 Cui
301 4070 366 4127 tam
394 4067 563 4148 praecipiti
590 4062 689 4148 pellis
717 4061 866 4129 detracta
892 4059 1051 4138 tumultu,

216 4158 276 4225 Cui
299 4159 381 4225 duro
408 4160 535 4225 confixa
559 4165 791 4240 ramerudis,
818 4163 904 4245 ignia
930 4159 1101 4242 umorue.
1132 4200 1136 4211 ·
