3082 4748
657 201 899 258 Christianos

229 395 298 477 lte,
325 394 406 475 (ait)
432 399 466 456 et
490 405 624 470 111111,
649 407 732 475 quus
754 393 884 454 1111111
909 385 1066 452 &esame
1092 405 1187 466 esse,
1295 414 1299 422 ·

230 493 387 558 Caesaris
414 488 591 554 adnutum
616 485 798 572 persolvite
824 491 858 549 et
882 486 988 548 emnia
1009 482 1103 565 justa

229 589 406 654 Librantes
432 591 558 650 trutina
583 589 656 670 regi
682 587 754 648 sine
779 581 895 646 fraude
923 579 1076 647 tributum

231 685 372 751 Reddite
399 692 434 748 et
459 683 616 748 aethereo
641 689 770 746 mentes
795 684 866 742 sine
889 677 964 742 labe
991 683 1128 766 parenti.

329 880 460 945 Interea
485 877 625 941 obscuro
651 873 834 954 Baptistam
861 891 992 936 carcere
1018 870 1166 938 clausum

232 977 378 1048 Abstulit
403 971 516 1038 infelix
543 971 614 1036 diro
643 989 800 1034 mucrone
822 976 989 1054 tyrannus.

230 1075 306 1141 lleu
331 1073 427 1154 mibi,
451 1068 537 1153 quod
563 1075 653 1133 tanto
679 1060 812 1154 regales
839 1067 956 1132 funere
981 1087 1114 1134 mensae

230 1172 381 1236 Incestus
409 1165 554 1232 foedavit
579 1164 684 1231 amor!
709 1163 895 1251 nataliaque
921 1168 1006 1228 inter

230 1265 387 1346 Feronia,
412 1263 551 1349 pallenti
576 1267 712 1328 missum
735 1269 787 1326 est
808 1269 905 1346 ceput
931 1253 1070 1326 i'llnd'iu
1095 1261 1192 1326 auru!

329 1460 478 1532 Duxerat
500 1462 661 1546 insignem
684 1456 852 1544 ferinaque
873 1463 908 1521 et
928 1460 1090 1543 sanguine
1111 1455 1282 1541 nympham

230 1557 381 1622 Herodes
407 1556 602 1638 Tetraroba,
631 1555 751 1620 Aretae
776 1573 858 1640 quae
884 1558 1042 1638 principis
1066 1553 1187 1620 haeres

229 1654 375 1720 Contulit
399 1659 430 1718 in
458 1653 621 1718 thalamos
644 1660 824 1739 soreptrurn
850 1650 960 1716 dotale
983 1655 1129 1720 maritos.

229 1751 359 1817 lllibata
381 1749 464 1815 fides
489 1751 607 1816 taedae
634 1756 814 1834 primisque
840 1746 973 1835 vigebat
1069 1777 1071 1784 ,

162 1877 164 1888 ¹
229 1847 399 1936 Auspiciis
425 1868 530 1930 amor,
557 1857 592 1912 et
616 1847 696 1912 felix
722 1845 908 1930 eoncordia,
934 1843 1038 1910 danao

230 1946 358 2031 Imperii
385 1946 571 2010 firmaturus
597 1965 654 2009 rex
674 1943 751 2027 jura
776 1947 919 2029 paterni,

229 2040 373 2109 Caesare
399 2043 549 2128 placato,
573 2042 686 2109 fratris
713 2059 771 2124 per
798 2062 900 2130 regna
925 2039 1069 2128 Philippi

229 2141 362 2229 Carpsit
383 2147 456 2206 iter.
506 2139 632 2228 Magno
660 2144 842 2205 venientem
868 2143 997 2223 excepit
1023 2137 1147 2203 honore
1176 2193 1177 2200 ,
1296 2167 1301 2175 r

230 2238 361 2321 Frater,
388 2249 423 2304 at
446 2239 574 2304 insidiis
600 2239 725 2302 formae
750 2237 886 2322 pellacis
912 2239 1059 2300 amoenis

229 2335 361 2400 lucendi
384 2334 511 2398 facilem
538 2333 726 2396 stimulante
752 2331 918 2418 cupidine,
943 2329 1072 2396 blandis
1106 2393 1107 2396 ,

229 2429 360 2514 lmpnlit
385 2428 553 2492 illecebris
582 2427 742 2492 Herodias
767 2427 916 2514 improba
935 2434 1094 2512 mentem,

228 2525 289 2590 llla
314 2524 442 2611 quidem
468 2528 588 2605 nescit,
616 2545 679 2588 nec
704 2525 810 2589 adhuo
835 2545 873 2590 ne
899 2529 1000 2590 sentit
1025 2529 1144 2604 amari,

229 2621 301 2687 Nec
328 2628 459 2708 sperat:
488 2630 594 2685 tamen
622 2621 777 2707 ambiguo
801 2621 999 2708 fratremque
1026 2628 1195 2706 virumque

230 2720 405 2803 Comparat
428 2721 549 2782 iutuitu
575 2725 610 2783 et
634 2717 745 2782 vultus
769 2725 962 2806 animosque
987 2737 1163 2804 pererrans

229 2817 263 2882 ln
290 2816 424 2880 fratrem
449 2821 575 2904 vergit,
601 2837 662 2882 nec
686 2825 844 2882 amantem
869 2824 1001 2885 incauta
1023 2816 1154 2884 fefellit.

231 2913 389 2977 Omnibus
415 2906 495 3000 ergo
521 2913 609 2980 illam
633 2911 780 2990 insidiis,
806 2922 892 2981 ornni
917 2923 989 2978 arte
1014 2919 1171 3000 magistra
1228 2973 1229 2976 ,

229 3009 399 3094 lmprobus
425 3012 624 3098 aggreditur.
675 3010 770 3074 Nunc
793 3017 958 3076 insinuare
983 3011 1137 3078 modullis
1181 3025 1184 3033 ’

229 3107 364 3173 lnfinum
391 3109 526 3192 vulnus,
543 3114 675 3194 gemitu
703 3127 785 3171 nuno
809 3107 947 3193 prodere
973 3107 1137 3172 flammas:

231 3206 388 3270 Fastidire
415 3206 556 3270 Arabem
581 3224 749 3284 socerum,
776 3204 933 3290 nulleque
955 3203 1086 3270 beatum
1182 3253 1184 3260 ,

231 3302 327 3366 Prole
351 3309 494 3386 uterum3
517 3300 692 3366 haeredem
716 3308 858 3386 soeptria
888 3308 1001 3384 uptam
1027 3301 1177 3386 sibique,
1295 3367 1300 3374 ,

232 3397 381 3462 Μ111111
404 3419 487 3485 quae
510 3404 613 3483 stirpe
639 3401 735 3461 etiam
762 3397 940 3464 descendat
965 3398 1006 3462 ab
1035 3393 1129 3464 uno'

231 3493 416 3580 Sanguine3
442 3503 509 3559 tum
533 3494 640 3559 suboli
662 3515 796 3583 regnum
824 3495 1003 3581 spondere,
1030 3500 1146 3580 potitis

231 3591 397 3656 Nascatur
422 3612 634 3678 quaecunque
660 3596 782 3675 thoris,
810 3600 845 3656 et
868 3613 1006 3676 carpere
1032 3611 1141 3658 mores

231 3688 389 3754 Absentis
410 3708 570 3772 sponsae,
597 3689 729 3756 formam
756 3687 888 3756 laudare
915 3694 1060 3772 sororis,

231 3787 337 3852 Prona
361 3784 424 3850 fnit
446 3790 530 3849 vinei
557 3793 737 3870 cupientem
764 3794 895 3854 vincere
914 3786 1039 3872 palma.

228 3885 421 3972 «Iunguntur
449 3886 546 3948 tacito
573 3893 721 3950 votorum
746 3885 894 3950 foedere.
947 3885 1105 3971 Coeptum

229 3982 345 4046 Fratre
370 3980 530 4062 salutato,
558 3979 764 4067 classemque
788 3982 980 4046 vocantibus
1007 3985 1114 4059 auris,

230 4076 335 4164 Urget
358 4085 430 4145 iter.
481 4077 557 4144 Voti
580 4076 661 4144 felix
685 4079 852 4163 rebusque
878 4078 1025 4159 (favente
