3056 4758
120 241 254 294 ror-rao
541 303 545 310 ‚
645 237 753 293 urana
778 237 849 294 xiv.

206 423 335 506 Raptus
361 430 394 486 et
419 427 578 487 intonsae.
595 427 762 508 primaevo
786 423 868 489 tiore
888 423 1062 508 juventae,

209 521 386 603 Praecipiti
413 541 511 584 cursu
538 541 599 604 per
623 521 761 586 daedala
789 530 880 606 prata
903 522 1050 588 Joannea

142 700 144 706 ¹
208 618 336 682 Emicat
361 626 395 682 et
421 623 571 682 comitem
601 618 699 704 longe
722 629 799 705 post
821 627 915 707 terga
940 619 1148 704 relinquens,

209 715 257 780 Ad
283 714 382 779 limen
408 715 524 779 tumuli
550 721 702 780 accessit.
755 716 862 780 Vacua
891 721 999 781 omnia
1025 723 1129 783 cernit

206 813 375 897 Vastaque
402 816 534 876 miratur
559 811 701 878 revoluti
724 813 867 898 pondera
892 819 973 878 saxi.

206 909 377 996 Longaevi
403 918 509 974 tamen
535 914 676 997 insignis
701 917 889 975 reverentia
913 915 1007 975 amici

207 1006 383 1072 Ardentem
409 1013 524 1072 tenuit.
575 1006 694 1072 Petrus
720 1029 781 1071 non
810 1008 909 1072 inulta
934 1014 1078 1072 moratus

207 1105 391 1189 Speluncae
418 1105 519 1170 subiit
544 1103 744 1188 penetralia,
770 1113 804 1168 et
831 1110 935 1169 omnia
960 1104 1124 1188 lustrans,

209 1201 337 1287 Aspicit
361 1201 549 1288 implicitam
577 1223 649 1268 curn
676 1222 753 1266 cura
779 1201 946 1266 sindonem
972 1208 1006 1266 et
1030 1209 1139 1290 ipsum

208 1300 315 1366 [livini
343 1304 464 1383 capitis
488 1298 598 1364 velum
623 1299 685 1362 suh
713 1303 860 1388 margine
886 1298 1023 1362 claustri

206 1397 280 1462 Non
307 1405 431 1462 temere
455 1400 652 1483 appositum.
705 1395 847 1461 Vacuum
872 1395 1063 1460 custodibus
1089 1395 1236 1479 bortum,

208 1493 325 1559 Avulsi
352 1514 372 1557 a
397 1494 522 1559 tumulo
548 1499 579 1558 vi
607 1513 724 1580 magna
748 1497 899 1559 immania
924 1497 995 1556 saxi

207 1591 358 1656 Pondere
382 1597 526 1655 miratur.
578 1591 796 1656 Cunctantem
815 1597 847 1656 in
875 1589 986 1654 limina
1012 1588 1119 1654 laetus
1173 1644 1177 1659 ,

206 1688 329 1753 lnducit
354 1687 554 1774 Zabididen3
582 1696 802 1773 mortemque,
829 1692 973 1775 potentis

206 1787 349 1870 lmperio
375 1787 503 1852 Domini
529 1788 664 1868 victam,
692 1793 882 1872 argumenta
906 1783 1062 1866 triumphi
1123 1813 1129 1820 ·

205 1883 357 1967 Undique
384 1884 488 1964 lecta,
515 1887 630 1968 aperit.
682 1881 837 1948 Latiosne
860 1881 1013 1946 invadere
1040 1885 1211 1965 quisquam

207 1980 352 2045 Auderet
378 1981 514 2068 vigiles,
540 2000 741 2065 numeroque
766 1985 931 2064 armisque
958 1977 1148 2043 timendos?

206 2076 275 2142 Aut
299 2083 349 2140 cui
375 2087 440 2142 tarn
469 2077 597 2142 validae
618 2077 759 2164 juvenili
786 2083 817 2141 in
845 2096 984 2158 corpore
1010 2079 1117 2157 vires,
1200 2086 1204 2095 “

206 2172 347 2240 lmmane
373 2175 532 2252 obstructi
559 2173 737 2238 claustrum
764 2181 800 2238 ut
824 2171 995 2239 divelleret
1018 2174 1131 2238 antri.a

207 2273 302 2338 Quae
329 2271 454 2336 demum
481 2278 600 2337 tacitae
627 2271 751 2335 fraudis
777 2271 915 2335 solertia
938 2269 1025 2334 tales

207 2368 349 2434 Falleret
375 2369 548 2450 excubias,
575 2368 774 2454 illibatisque
796 2367 922 2456 sigillis

206 2467 315 2552 Atque
340 2466 503 2551 interjecti
528 2466 682 2532 inviolato
706 2467 827 2532 robore
852 2467 932 2531 ferri

207 2564 342 2630 Occlusi
369 2574 485 2650 posset
509 2565 606 2630 limen
633 2585 786 2630 reserare
812 2563 1008 2649 sepulchri?

207 2662 282 2727 Non
310 2661 392 2726 alias
420 2672 511 2726 artes
536 2663 665 2726 tandem
692 2663 880 2746 majoraque
907 2661 1037 2725 credam

207 2759 338 2824 Viribus
365 2761 514 2824 humanis
540 2759 623 2824 haec
649 2763 680 2822 in
709 2758 865 2821 miracula
890 2758 977 2821 tendi

206 2848 357 2920 Brachia.
410 2856 475 2920 Fac
501 2867 607 2921 tannen
636 2856 783 2918 humanis
811 2854 893 2918 haec
918 2853 1043 2917 viribus
1071 2859 1144 2916 acta

207 2953 411 3038 Mortaliquc
438 2975 551 3036 manu,
579 2973 735 3038 quosnam
762 2951 906 3016 violasse
932 2951 1075 3015 feremus

207 3051 382 3138 Sacrilega
407 3051 521 3116 dextra
545 3053 643 3116 funus
668 3047 884 3116 miserabile?
911 3047 1063 3112 amicos?

208 3150 312 3228 Quam
330 3147 470 3212 sceleris
489 3157 625 3235 sperent
643 3147 853 3212 mercedem.a
879 3144 1062 3208 hostesne?
1085 3141 1159 3227 quid
1178 3160 1259 3228 ergo

145 3277 149 3284 ⁴
207 3245 374 3311 Excuhraa
402 3244 517 3333 legere
543 3245 787 3334 sigillatumque
814 3241 1023 3328 sepulchrum
1088 3274 1091 3280 v

208 3343 440 3408 Obstruxerei)
479 3343 553 3427 quid
580 3347 706 3430 ingenti
732 3341 864 3405 sudaria
890 3359 967 3402 cura

207 3441 392 3526 Linteaque
413 3445 530 3504 insano
558 3447 793 3504 concinnavere
819 3438 933 3501 labore
989 3460 995 3466 ·

205 3538 410 3624 Evictaeque
437 3538 533 3601 fidem
560 3543 690 3618 mortis,
717 3555 812 3619 quam
839 3534 1019 3619 infringere
1046 3539 1185 3614 certant,

206 3636 356 3720 Corpore
381 3643 536 3720 surrepto
562 3636 717 3698 firmant?
744 3637 834 3716 ipse,
860 3637 935 3718 ipse
961 3636 1084 3713 potenti

207 3733 274 3796 Qui
299 3734 428 3798 functos
454 3739 533 3795 nutu
558 3737 659 3797 toties
688 3735 854 3794 revocavit
878 3734 909 3791 in
936 3749 1054 3811 aurea,

206 3831 383 3896 Exanimes
410 3840 502 3895 artus
528 3837 609 3894 vita
627 3827 762 3894 meliore
789 3847 967 3913 resurgens

206 3927 322 3992 lnduit.
374 3926 408 3990 ln
435 3936 574 3994 ruentem
601 3926 738 3991 redeunt
760 3925 828 4008 jam
856 3922 946 3989 clara
972 3925 1121 4006 magici-ri

206 4023 333 4104 Verba,
359 4024 476 4110 quihus
500 4031 601 4090 toties
627 4030 829 4089 moerentum
855 4031 991 4107 pectora
1016 4016 1161 4081 mulcens

206 4121 278 4187 Hoc
302 4142 430 4207 quoque
457 4121 631 4207 pollicitus.
683 4120 713 4184 0
739 4125 769 4184 si
793 4120 873 4186 mihi
901 4123 1035 4182 cernere
1061 4114 1176 4176 mortis
