3056 4758
636 227 880 284 cnutsrlnnos
973 311 977 320 1

211 407 323 476 Morte
348 413 549 499 triumphata
574 414 743 481 rediisset)
770 436 808 479 an
835 415 934 480 funus
956 419 1083 480 inertes

209 509 404 594 Discipulos
431 511 603 580 violasse?
627 512 710 578 fides
737 513 792 578 hic
817 513 953 577 fluctuat
978 517 1081 599 impar

210 607 384 694 Majestati
411 615 540 696 operis,
572 618 702 696 captum
727 617 933 696 superantis,
957 617 994 674 at
1022 611 1101 677 illud

211 706 296 771 (luis
322 708 436 772 credat
461 707 516 772 vel
542 708 703 773 Boeotum
729 707 898 791 de'stirpe
926 713 1088 776 oreatus?

103 843 118 866 ι
212 803 303 869 llaec
327 809 413 870 inter
438 805 547 870 subito
576 812 715 870 tremere
743 811 849 869 omnia
873 810 946 869 visa
971 827 1122 893 novoque

213 902 418 968 Circumfusa
440 907 593 986 insperati
621 902 762 989 fulgoris
790 902 914 967 honore

213 1000 419 1065 Ambrosiam
446 1006 572 1084 spirare
599 999 713 1064 domus
740 999 938 1085 clausosque
962 1007 1101 1086 penates
1161 1033 1163 1038 v

212 1099 370 1185 Ingentes
398 1107 572 1184 penetrare
598 1103 675 1180 viri,
701 1099 819 1184 quibus
845 1097 944 1162 altior
969 1118 1026 1162 ore

212 1194 347 1260 Mortali
373 1195 504 1279 vultus,
535 1195 617 1260 divis
644 1218 703 1281 par·
727 1197 833 1260 forma
857 1196 973 1260 beatis.

211 1294 286 1356 Dux
313 1298 444 1380 gemino
471 1292 611 1378 Moyses
637 1294 800 1359 radiatam
826 1293 935 1360 sidere
962 1293 1102 1358 frontem

211 1389 364 1472 Explicat
388 1397 423 1454 ct
448 1397 573 1478 virgam
600 1391 712 1457 dextra
738 1392 934 1477 tabulasque
960 1396 1098 1456 sinistra

210 1488 416 1570 Praetendit‚
442 1491 541 1574 Tyrio
568 1490 673 1554 frater
698 1489 895 1555 venerabilis
923 1496 1029 1570 ostro,

212 1585 379 1651 Sideream
405 1593 500 1652 mitra
525 1588 664 1652 frontem
692 1587 863 1652 redimitur·
890 1595 925 1651 et
950 1605 1031 1651 auro

188 1683 381 1772 Caelanum
407 1692 500 1773 regis
527 1706 588 1748 non
614 1684 797 1752 enarrabile
824 1705 939 1749 nornen

210 1781 372 1852 Aetherei
399 1790 521 1870 gestat.
574 1781 745 1848 Sociorum
767 1803 884 1870 magna
905 1791 1043 1848 coronat

210 1879 322 1944 Turba
343 1879 448 1945 duces
475 1880 631 1965 claroque
658 1880 764 1946 locum
793 1880 924 1967 fulgore
950 1887 1094 1948 serenat.

211 1975 350 2040 Attoniti
375 1983 482 2061 primo
506 1986 643 2063 aspectu
668 1989 851 2063 tremuere3
878 1987 1043 2048 steterunt

211 2073 339 2139 Arrecti
365 2075 504 2160 trepidis
530 2082 656 2162 crines,
685 2099 748 2142 vox
773 2075 923 2141 faucibus
949 2076 1069 2142 haesit.

211 2171 279 2236 Sed
303 2178 439 2262 propius
465 2194 619 2260 gressum
643 2175 707 2240 dux
732 2183 858 2240 turmae
884 2173 1027 2240 admovit
1052 2181 1086 2238 et
1109 2195 1236 2240 omnem

211 2269 369 2336 Excussit
393 2271 503 2336 facilis
526 2271 644 2342 blando
672 2292 823 2340 sermone
849 2277 1017 2338 timorem:

306 2463 458 2546 Felices,²
484 2486 567 2550 quos
593 2465 684 2530 nulla
707 2465 773 2532 odii
795 2465 953 2534 violentia
975 2467 1150 2538 CHRISTO
1262 2543 1265 2552 y

211 2560 394 2645 Opposuit,
421 2583 505 2647 quos
531 2562 640 2632 divino
667 2563 817 2628 officiosa
843 2565 1003 2652 magistro

209 2658 340 2722 Evehet
364 2659 405 2724 ad
430 2679 570 2744 superos
597 2666 720 2745 pietas,
747 2668 842 2747 queis
870 2661 970 2727 debet
995 2662 1151 2729 honorem

209 2755 369 2839 Funeris,
395 2763 506 2822 intacti
534 2766 684 2843 penetrat
709 2766 761 2844 qui
789 2760 935 2824 claustra
961 2758 1130 2845 sepulchri

211 2849 364 2938 Ossdque
388 2863 589 2941 consumptis
615 2863 737 2923 animat
758 2859 828 2944 jarn
852 2854 982 2943 putrida
1011 2859 1173 2924 membris.
1285 2891 1291 2896 ·

210 2951 299 3016 ssuid
324 2953 442 3037 trepidi
468 2975 578 3020 rerum
600 2955 711 3041 gelido
738 2977 811 3022 mea
836 2955 938 3023 verba
964 2964 1100 3040 stupore
1188 3019 1193 3026 ,
1225 3007 1229 3010 -

209 3049 455 3136 Aspectnmqnc
482 3053 692 3119 exhorretis?
718 3061 873 3117 revocate
900 3051 1032 3140 fugacis

210 3146 388 3234 Sanguinis
414 3154 445 3212 in
472 3150 596 3216 vultum
624 3155 733 3234 posito
759 3159 892 3215 terrore
919 3149 1071 3216 colorem.

209 3245 257 3308 En
285 3266 370 3332 ego,
397 3251 451 3331 qui
478 3248 637 3332 quondam
662 3252 818 3336 ignivomi
844 3246 905 3312 sub
930 3255 1056 3316 vertice
1084 3251 1201 3314 montis

211 3343 382 3428 Legiferas
396 3345 493 3410 'coeli
519 3345 649 3410 tabulas
671 3353 704 3410 et
724 3344 802 3429 jura
826 3349 958 3429 recepi,

210 3440 314 3505 Vivus
341 3463 414 3528 ago.
465 3443 626 3530 Quosque
653 3448 743 3510 atrei
769 3443 830 3508 sub
857 3439 994 3508 culmine
1021 3443 1124 3510 Orebi

211 3538 359 3622 Deposui
384 3546 527 3605 moriens
550 3550 660 3626 artua,
687 3541 749 3607 lros
778 3560 911 3606 munere
936 3541 1101 3610 CHRISTI

211 3635 374 3717 Aeterno,
400 3658 464 3700 non
486 3639 556 3723 jam
581 3639 691 3704 brevis
718 3643 789 3703 aevi
815 3637 962 3704 lubricus
989 3640 1129 3724 hospes,

211 3733 352 3818 Accepi,
378 3755 571 3821 mecumque
597 3735 670 3818 alii,
696 3758 780 3823 quos
806 3741 878 3822 ipse
904 3737 1057 3819 triumphi

211 3830 260 3896 Ad
288 3829 411 3915 majora
436 3837 486 3896 sui
514 3831 650 3920 fastigia
669 3833 773 3916 jussit
798 3833 838 3897 ab
865 3838 956 3896 urnis

212 3928 332 3995 Vivere
357 3938 391 3994 et
416 3931 583 4006 ambrosio
608 3930 773 3996 redivivos
799 3936 933 3994 nectare
959 3933 1075 4013 pascit.
