3082 4746
662 231 904 287 ClllllS'l'lADtlS

236 417 439 499 posteritas,
466 419 605 503 liquisse
628 425 680 484 sui
707 417 844 506 fastigia
869 419 955 486 coeli

237 515 374 579 Aeterni
401 516 510 582 Patris
536 515 702 599 sobolem,
730 516 770 580 de
797 515 917 580 lumine
943 515 1049 582 lumen

236 611 387 701 lngenito
411 621 578 702 genitum3
604 622 640 679 ut
665 613 759 679 stulti
788 611 989 678 intoleranda
1014 621 1140 699 tyranni

236 709 390 776 Ludib'ria
416 719 450 774 et
476 713 615 778 tumidae
642 717 781 776 convitia
808 711 954 794 perferat
979 712 1103 777 aulaei)

234 798 607 893 llaeccineposteritas
632 809 769 874 credet?
796 813 847 872 vix
874 811 947 894 ipsa
972 813 1078 874 sorori

235 904 352 970 Credis
377 913 412 969 et
434 908 588 993 ambiguo
612 905 773 970 dicentem
800 904 920 970 lumine
947 906 1080 972 lustras.

235 1003 286 1067 Ne
313 1002 444 1085 dubita',
472 993 550 1084 num¹
571 1010 660 1067 certa
685 1000 820 1088 loquor,
845 1009 944 1088 teque
968 1011 1035 1069 ista
1060 1003 1228 1069 docentem

235 1100 365 1165 Felices
391 1106 522 1184 capient
546 1107 691 1183 animae,
719 1105 915 1185 cupientque
939 1107 1094 1186 supernis

237 1198 406 1262 Accensae
430 1197 566 1263 flammis
593 1197 704 1262 eadem
729 1197 871 1262 tolerare
897 1204 1068 1285 vicemque

234 1295 384 1361 Reddere
410 1304 443 1358 et
469 1301 500 1359 in
528 1301 610 1360 tanti
635 1302 760 1380 partem
785 1295 965 1362 succedere
987 1301 1120 1362 amoris.

235 1395 266 1477 l,
295 1391 423 1455 curnula
449 1390 569 1457 sceleri
596 1392 708 1458 scelus
733 1397 940 1479 extinctoque
965 1393 1118 1458 dohanue
1154 1434 1157 1442 ·

163 1571 165 1575 ,
236 1491 428 1555 Parcentem
455 1500 622 1556 contemne
648 1491 765 1576 terrm,
793 1488 866 1574 quid
893 1491 996 1556 verba
1021 1494 1171 1574 reposcis

177 1591 180 1598 '
236 1589 337 1671 impie
363 1594 396 1650 et
421 1591 534 1653 insano
561 1595 753 1653 reticentem
780 1588 915 1672 dispicio
940 1588 1048 1652 ausu?

235 1685 346 1749 Redde
373 1684 446 1749 Deo
473 1686 614 1766 Vocem,
638 1686 753 1750 reddet
778 1685 837 1748 tibi
863 1687 980 1750 verba!
1022 1683 1109 1751 auru
1137 1683 1283 1749 haeres?

236 1781 323 1846 ssuid
350 1791 496 1865 spretum
523 1792 557 1846 te
581 1782 686 1848 stulte
710 1783 843 1863 fremis,
871 1782 956 1867 quod
984 1781 1134 1846 inanibus
1161 1801 1259 1846 aures

236 1879 396 1944 Occludat
417 1880 531 1944 votis?
558 1879 635 1966 quid
660 1887 839 1944 scommata
864 1879 961 1945 foeda
984 1881 1165 1964 rependis?

235 1977 299 2042 Sed
326 1977 494 2042 scelerum
521 1984 611 2043 stant
635 1997 779 2063 poenae,
807 1983 840 2039 et
864 1975 1077 2043 inexorabilis
1103 1981 1206 2040 instat

236 2074 263 2139 A
288 2085 385 2162 tergo
412 2075 586 2160 Nemesis3
614 2080 756 2162 sceptris
783 2075 952 2140 damnatus
976 2084 1010 2139 et
1036 2074 1113 2140 exul

235 2174 312 2238 Curn
339 2173 472 2238 Junone
497 2181 571 2254 tua,
596 2172 748 2261 Lugduni
775 2173 815 2238 ad
841 2177 969 2238 moenia
994 2179 1091 2238 vitam

234 2271 410 2334 infaustam
435 2272 627 2355 abrumpes,
654 2279 731 2357 post
757 2280 852 2334 natae
877 2271 947 2334 lato
972 2276 1138 2354 procacia,

235 2368 293 2430 Cui
320 2367 439 2430 uindex
464 2367 625 2431 scelerum
652 2365 777 2452 glacies
802 2369 936 2432 'ceruice
962 2372 1101 2432 recisum

235 2463 374 2526 Auferet
399 2471 473 2526 ante
499 2470 605 2547 caput.
655 2463 817 2526 Barathro
845 2461 1038 2547 plaudente,
1066 2483 1124 2548 per
1148 2461 1269 2529 undas·

234 2560 376 2625 Ultrices
402 2564 510 2624 cervix
538 2567 616 2646 aget
642 2564 802 2624 intercisa
827 2561 977 2624 choreas.

234 2658 299 2722 Par
323 2655 478 2720 tumidum
506 2657 661 2742 caipham
688 2677 906 2743 socerumque
931 2657 1110 2744 ducemque
1136 2657 1314 2723 scelestum

233 2752 437 2820 Ausonidum
464 2755 603 2820 vindicte
629 2762 725 2841 petet.
778 2756 889 2820 Dilata
914 2767 1077 2821 merentes

234 2851 372 2917 Saevior
398 2857 447 2916 ira
470 2861 596 2939 premet
618 2859 773 2938 tristique
796 2859 969 2942 immerget
991 2855 1134 2920 Averno.

233 2949 363 3014 Mecum
385 2956 447 3014 erit
471 2957 535 3017 iste
560 2950 663 3016 labor.
714 2951 811 3016 Nunc
832 2973 897 3037 qua
923 2958 1051 3016 ratione
1079 2955 1206 3036 tyranni

234 3047 397 3136 Sacrilegi
424 3049 541 3114 eludas
566 3055 646 3113 iram
672 3057 919 3133 commentaque
943 3057 1088 3131 petrum,

234 3145 408 3230 Expediam
434 3153 560 3231 paucis.
613 3147 749 3210 Cassum
777 3145 940 3210 cecidisse
971 3145 1114 3209 laborem
1229 3161 1233 3168 '

233 3243 312 3307 Cum
337 3249 474 3329 primurn
500 3249 658 3327 aspiciet,
683 3247 814 3306 tacitam
841 3248 960 3326 coquet
984 3243 1151 3326 inprobus
1177 3247 1256 3304 iram

232 3339 275 3402 Et
302 3341 505 3424 majestatem
531 3337 748 3423 cmrtemptam
775 3337 921 3420 ulturus,
948 3345 1047 3405 amari

234 3435 266 3499 ln
295 3441 384 3500 risus
410 3444 518 3501 vertet
542 3437 613 3502 Rex
639 3442 830 3522 argumenta
855 3435 1012 3521 profanus

233 3530 427 3618 Prodigiosa
453 3535 595 3598 affectati
622 3532 788 3598 mendacia
812 3539 935 3615 sceptri

232 3629 276 3694 Et
301 3629 363 3692 sibi
391 3637 572 3694 constantis
598 3651 763 3718 generosa
785 3629 918 3695 silentia
944 3631 1107 3700 CHR18T1

232 3728 398 3810 Tanquam
423 3728 545 3792 turbati
572 3727 783 3793 deliramenta
808 3727 949 3793 cerebri.

232 3823 350 3912 Regali
375 3824 536 3888 insultans
563 3825 717 3890 humeros
743 3824 874 3889 inducet
897 3830 1034 3905 amictu,
1068 3897 1071 3904 ,

233 3924 292 3987 Cui
314 3921 380 4006 jam
405 3922 504 4010 longa
528 3921 600 3986 dies
625 3923 910 4006 depascentesque
935 3920 1077 3986 colorem

233 4017 439 4090 Abstulcrint
463 4025 581 4084 tineae.
634 4018 707 4084 Stat
732 4027 861 4083 scenam
886 4029 1033 4104 vertere,
1060 4026 1094 4086 ct
1119 4013 1194 4080 alba

201 4125 205 4134 “
233 4115 336 4182 Veste
361 4123 458 4184 animi
485 4123 649 4204 ingentem
678 4124 752 4182 nive
777 4115 973 4182 candidioris
999 4118 1177 4182 honorem,
1209 4191 1211 4196 Ι
1244 4157 1250 4200 ¹.
1263 4159 1265 4168 .
