3082 4746
660 189 903 276 cunrsrrruos

239 409 318 474 Sive
345 406 432 472 illam
458 407 592 474 Alcides
616 408 760 474 humeris
787 427 849 472 eeu
874 404 1012 471 coeliter
1038 403 1132 472 Atlas

238 505 404 588 Tolleret,
432 510 561 572 immani
587 515 760 594 gemerent
786 504 849 569 sub
875 501 1017 589 pondere
1042 509 1142 568 vires.

336 702 496 768 dusserat
521 711 555 766 ot
580 701 723 767 tabulam
745 701 847 785 judex
873 699 1028 764 idiomate
1054 696 1170 778 Graio,

237 800 391 866 Hebraeo
419 799 581 883 Latioque
606 804 794 882 inscriptam
820 801 932 880 stipite
959 817 1084 860 summo

239 898 355 984 Astigi,
382 919 446 982 quo
474 917 576 960 eausa
601 901 693 960 neeis
719 895 890 959 manifesta
915 915 1086 981 genusque

237 995 279 1061 Et
305 999 412 1081 patria
438 1000 473 1057 et
501 1013 615 1058 nomeu
642 991 774 1078 populis
799 993 1026 1078 spectantibus
1053 999 1176 1057 essent.

236 1093 311 1158 Non
339 1099 446 1156 tamen
471 1088 619 1156 Ausonio
644 1112 736 1157 mens
762 1090 846 1156 baon
871 1095 944 1154 sine
971 1095 1098 1156 numine
1121 1089 1231 1154 divum

236 1189 372 1272 lnoidit‚
400 1188 528 1253 arbitrii
551 1209 744 1274 quamquam
772 1193 896 1254 insoius
924 1187 980 1251 ille
1006 1193 1140 1274 superni

237 1287 410 1373 Ambiguis
437 1285 524 1350 tituli
552 1287 662 1352 verbis
688 1287 853 1371 lymphata
878 1285 1072 1350 trementum

237 1384 345 1449 Corda
370 1394 498 1467 patrum
524 1392 560 1448 et
585 1384 720 1449 rabidos
745 1383 857 1468 populi
884 1386 1112 1467 perstrinxerit
1139 1389 1264 1448 aestus.

236 1482 321 1546 Nam
349 1489 442 1566 pater
468 1489 672 1566 omnipotens
698 1489 903 1566 mentemque
929 1486 1134 1566 animumque
1159 1480 1269 1545 Latini

236 1577 369 1664 impulit
393 1584 557 1662 inspirans
583 1586 699 1662 tacite,
726 1589 761 1645 ut
787 1585 954 1644 morientis
982 1579 1139 1646 honorem

236 1679 405 1743 Testatum
431 1675 520 1742 olsra
545 1679 718 1743 verborum
743 1677 818 1742 luce
846 1676 1017 1762 tribusque

237 1775 437 1861 Expressum
462 1774 585 1862 linguis
613 1781 774 1840 terrarum
798 1782 1000 1862 agnosceret
1025 1773 1116 1838 orbis
1164 1811 1167 1818 ,

237 1873 280 1938 llt
306 1872 394 1936 laeto
421 1880 554 1938 caneret
577 1893 639 1956 per
660 1872 773 1937 saeola
797 1879 969 1957 sequentia
995 1869 1132 1955 plausu,

238 1970 334 2036 uuor
360 1969 563 2036 Judoeornm
588 1969 666 2036 Rern
689 1969 888 2036 Nazarenus
910 1968 1027 2037 «lesus

237 2069 431 2133 Damnatum
458 2070 566 2134 effuso
592 2076 788 2134 renovasset
812 2072 973 2155 sanguine
999 2065 1166 2151 mundum

238 2165 281 2231 tlt
310 2185 468 2251 proceres
493 2167 655 2254 indignati
683 2165 913 2250 obliquamque
937 2163 1082 2229 tabellae

238 2264 395 2330 Invidiam
422 2272 456 2329 et
482 2264 598 2328 dubias
624 2264 797 2330 manifesto
827 2268 857 2326 in
886 2265 1021 2327 erimine
1048 2280 1147 2326 voees

238 2360 391 2443 Seilioet,
420 2365 544 2426 insanis
570 2361 769 2424 elamoribus
796 2359 938 2444 undique
964 2363 1102 2424 eircum-

239 2458 320 2522 Fusi
346 2457 719 2540 obtestantur,‹positis
746 2455 940 2543 ambagibus
967 2461 1071 2539 ipsam
1202 2483 1207 2490 ·

239 2554 401 2637 Supplioii
428 2553 586 2619 inscribat
609 2573 752 2618 eausam.
804 2552 916 2641 Negat
940 2553 997 2617 ille
1021 2552 1184 2637 simulque

241 2650 392 2734 Abripuit
417 2671 494 2715 sese
521 2671 561 2716 ex
586 2649 710 2732 oeulis,
737 2655 914 2717 miseratus
940 2651 1094 2718 acerbum
1230 2703 1235 2708 .

238 2748 381 2812 losontis
407 2749 505 2814 funus
531 2748 781 2835 detestatusque
808 2758 975 2814 cruentam

240 2844 417 2911 Saevitiam
442 2851 569 2914 invisae
595 2854 723 2936 gentis,
749 2847 825 2912 odia
850 2868 972 2934 aspera
998 2853 1132 2933 patrum.

337 3041 427 3130 Ergo
454 3044 508 3108 ubi
535 3045 720 3110 inhumanis
746 3044 944 3129 respondent
969 3051 1102 3109 caetera
1127 3046 1233 3123 votis,

239 3140 439 3224 Purpuream
466 3141 596 3206 Christo
625 3148 765 3207 tunicam
790 3140 980 3206 stimulante
1004 3137 1167 3228 Megaera

239 3237 415 3322 Abripiunt
440 3247 582 3322 notaque
608 3237 754 3303 indutum
780 3247 877 3302 veste
902 3237 1062 3304 latronum

240 3335 433 3414 (cresceret
458 3344 495 3399 ut
522 3355 644 3400 saevae
675 3341 841 3423 geminata
868 3332 998 3398 iufamia
1023 3339 1157 3411 mortis]

240 3433 292 3495 lre
314 3430 431 3514 jubent
458 3432 595 3496 medium
621 3439 656 3496 et
683 3431 810 3496 laoeros
837 3451 1023 3517 supponere
1049 3441 1164 3497 trunno

240 3527 365 3592 lnfelioi
393 3529 560 3593 humeros.
611 3527 723 3592 Rauoo
749 3529 887 3612 lituique
912 3529 1092 3617 tubaeque

241 3621 474 3710 perstringunt
499 3624 642 3690 elamore
667 3645 784 3709 aures,
812 3625 1021 3711 peditumque
1046 3627 1206 3692 cohortes

240 3720 351 3806 Atque
377 3727 522 3806 equitum
549 3730 673 3787 turmae
699 3728 878 3788 irrstruntae
904 3724 1108 3811 fulgentibus
1132 3727 1233 3788 armis

241 3819 271 3885 A
297 3818 411 3883 dextra
436 3818 594 3905 laevaque
620 3841 697 3885 reos
724 3820 824 3910 longo
852 3823 963 3886 ordine
989 3821 1152 3888 claudunt.

241 3917 416 3984 Proximus
445 3937 465 3980 a
490 3925 585 4004 tergo
612 3923 759 4004 sequitur
785 3924 928 4007 vestigia
953 3919 1061 3984 liotor.

243 4014 320 4098 lpse
346 4021 442 4080 etiam
470 4015 610 4100 Caiplras
637 4037 859 4101 properosque
886 4016 1060 4082 hincinde
1085 4013 1238 4099 superbis

244 4109 411 4180 Sublimes
439 4119 470 4178 in
496 4119 593 4198 equis
619 4113 775 4193 subeunt,
802 4120 970 4178 morientis
996 4112 1135 4178 acerbos
