3076 4744
663 235 905 290 cimtsamnos

237 425 301 491 Tot
325 422 487 489 scelerum
512 422 719 488 uroumtucia‘
744 420 827 488 b'eu!
854 419 997 504 undique
1022 427 1178 488 monstris

238 522 424 606 obseptus,
450 541 528 586 reus
554 527 628 604 ipse
654 519 735 602 sibi,
763 539 841 584 reus
864 537 943 582 esse
971 517 1109 584 videtui.

237 619 313 685 Non
334 617 401 703 jam
427 618 586 683 suffusum
612 617 764 702 lacrymis
790 615 830 678 ad
856 614 966 680 sidera
990 615 1115 682 vultum
1147 665 1150 672 .

236 717 387 799 Tollere,
412 737 474 781 nec
499 714 655 780 tremulae
680 711 823 777 delectat
848 711 982 778 tendere
1008 713 1143 798 palmus.
1260 757 1267 778 t

236 815 394 881 Incumbit
418 820 529 877 terrae
556 811 752 894 depressus,
779 817 813 874 et
838 811 941 874 imbre
967 811 1148 878 madentem
1268 819 1271 826 ’

237 913 370 978 Corruit
391 916 422 975 in
449 910 585 992 faeiem,
611 928 651 971 ac
676 907 836 972 immundo
864 907 999 991 pulvere
1024 917 1162 994 turpans

237 1011 424 1076 caesariem
449 1010 569 1070 intonsi
595 1007 731 1088 capitis,
758 1011 921 1088 suspirat:
952 1013 986 1070 et
1010 1005 1079 1070 alto

238 1107 316 1172 Cum
343 1109 466 1192 gemitu
492 1103 552 1166 bas
577 1107 642 1168 imo
668 1106 787 1187 rumpit
812 1102 853 1168 de
880 1109 1015 1188 pectore
1040 1122 1159 1168 voces:

336 1295 499 1362 Haeccine
525 1317 643 1386 magne
669 1304 765 1384 pater
789 1297 912 1366 dilecto
939 1317 1075 1362 munera
1100 1303 1178 1360 nato

237 1394 398 1480 Suprema
422 1396 484 1460 rub
508 1404 603 1460 nocte
630 1399 757 1480 paras?
784 1415 876 1460 mene
903 1415 1002 1482 ergo,
1028 1403 1216 1479 meumque

236 1493 432 1575 Tempestas
457 1500 542 1579 petit
563 1499 629 1557 ista
655 1496 780 1577 ceput?
809 1513 966 1557 succurre
992 1497 1138 1578 gementi

237 1591 265 1654 0
294 1587 448 1672 Genitor,
475 1593 596 1676 tuaque
621 1597 653 1655 in
680 1589 798 1654 melius
826 1589 979 1654 mandata
1002 1589 1160 1673 reflecte3

236 1686 459 1773 lnjectumque
486 1688 630 1752 humeris
657 1709 740 1752 onus
766 1686 946 1752 illaetabile
971 1691 1094 1751 nostris

235 1783 403 1849 Transfer.
456 1783 506 1848 An
533 1790 660 1853 aeterni
686 1783 741 1848 lex
766 1783 967 1849 inviolabilis
994 1783 1106 1848 obstat

237 1879 390 1945 Consilii:
418 1889 453 1946 et
479 1887 546 1946 nati
571 1882 744 1966 precibus,
771 1885 927 1966 votisque
950 1887 1131 1968 repugnat3

236 1977 287 2043 Ac
313 1977 377 2044 soli
403 1980 588 2065 superanda
612 1984 716 2044 omnis
742 1977 819 2046 mibi
847 1977 943 2064 culpa
961 1976 1110 2062 'ferendo'
1136 1981 1218 2044 ent?

237 2074 394 2163 Agnosco
420 2084 612 2164 accipioque
635 2077 759 2142 libens:
789 2096 957 2142 commune
978 2075 1116 2162 profuso
1237 2084 1241 2111 ⁵

237 2172 434 2262 Extinguam
461 2181 597 2263 generis
622 2176 765 2240 damnati
788 2179 950 2263 sanguiue
966 2179 1108 2240 crimen.

237 2270 360 2358 Magne
386 2281 481 2357 pater
504 2282 560 2337 tua
585 2273 676 2337 vitali
700 2274 782 2338 mibi
813 2271 889 2334 luce
915 2271 1069 2334 voluntas

239 2366 393 2448 charior,
420 2368 687 2430 exhorrescantis
714 2369 880 2428 coronaria
904 2370 1014 2429 vincet

238 2460 386 2527 Naturae
411 2469 505 2542 vota,
531 2469 565 2524 et
591 2478 710 2524 saevae
730 2460 805 2526 tela
820 2465 938 2526 omnia
961 2465 1086 2526 mortis.

335 2655 440 2720 Dixit:
468 2654 567 2720 etad
594 2661 734 2720 comites
759 2662 875 2720 iterum
901 2654 1050 2720 divertit:
1077 2663 1120 2720 at⁴
1136 2656 1204 2722 illis

237 2751 316 2816 Alta
338 2756 433 2836 quies
461 2754 567 2816 victos
594 2752 708 2818 oculos
735 2763 771 2819 et
792 2753 967 2842 languidus
992 2761 1095 2843 urget.

238 2849 397 2930 Somnus,
424 2854 511 2913 etin
537 2849 665 2916 dulcem
690 2851 851 2940 demergit
872 2851 993 2918 lamina
1016 2861 1154 2918 noctem.

237 2943 294 3008 Sic
319 2953 415 3032 grata
440 2947 545 3014 donas
572 2949 728 3014 hederae
741 2956 904 3035 arpentis
930 2956 963 3014 in
989 2951 1103 3015 umbra

237 3041 447 3128 Compositus
472 3046 591 3130 placidi
618 3045 775 3130 carpebat
801 3047 886 3110 dona
903 3051 1061 3128 soporis:

235 3137 408 3206 vermibus
433 3146 579 3223 interea,
603 3149 778 3228 ventisque
807 3141 993 3206 furentibus
1019 3140 1079 3207 illa

235 3237 382 3304 Marcet:
406 3245 440 3302 at
466 3244 604 3304 aestivis
631 3247 727 3322 caput
753 3238 810 3303 ille
837 3239 1004 3304 caloribus
1030 3246 1139 3304 ustum

235 3333 406 3421 Evigilaus
431 3341 600 3421 queritur,
627 3342 829 3420 mortemque
852 3342 1054 3402 miserrimus
1079 3345 1182 3424 optat.
1238 3347 1240 3354 '

235 3429 369 3495 Avertit
391 3436 552 3496 miserans
577 3431 707 3513 oculos,
733 3453 877 3518 seseque
900 3434 1070 3519 relictum,

234 3526 417 3612 Discipulis
442 3549 555 3594 somno
582 3534 692 3612 vietis,
718 3538 752 3594 et
777 3538 871 3616 patre
895 3531 1016 3597 silente

236 3622 287 3688 Ad
311 3623 412 3688 duros
437 3629 503 3688 nati
529 3631 693 3713 gemitus,
722 3636 820 3714 atque
847 3635 1060 3710 anxietate,

234 3720 431 3808 Aspicieus3
455 3721 547 3788 luctu
571 3731 709 3789 mentem
734 3735 916 3810 percussus
940 3726 1078 3808 acerbo,
1131 3777 1134 3786 ,

236 3817 424 3908 Hospitium
448 3819 538 3885 abari
563 3826 682 3905 repetit
705 3825 902 3890 miserabilis
928 3829 1022 3886 antri.

334 4012 566 4104 Auguigenum
591 4020 718 4081 interea
742 4014 867 4080 Ductor
892 4019 1060 4102 geminare
1086 4025 1260 4100 pavorem'

237 4105 368 4194 (lutat,
395 4121 430 4178 et
453 4118 577 4180 immoti
604 4133 667 4179 nou
693 4113 913 4200 expugnabile
937 4109 1038 4177 robur
