3056 4758
118 229 251 282 rix-ms
647 227 754 280 LIBER
778 227 863 280 xvii.

206 411 315 474 Prima
341 411 459 492 trabit,
486 429 548 474 nec
567 414 740 492 ¹protensis
767 411 919 475 animalia
944 410 1024 474 loris

132 545 135 550 ,
205 507 325 571 lnvitas
352 507 437 572 volvi
462 527 524 570 sua
550 527 609 591 per
635 514 778 594 vestigia
804 515 935 593 cogunt.

205 604 459 689 (Anodrnpednm
487 611 695 687 pennatorum
724 605 909 670 cervicibus
935 609 1050 692 ingens

204 700 333 767 Stellati
360 702 514 766 incumbit
538 723 733 786 suspensum
762 703 896 767 fornicis
923 707 1045 780 instar,

205 797 385 885 Perspicua
411 799 557 863 referens
585 800 730 884 crystalli
755 800 829 864 luce
856 797 1019 879 colorem,

202 894 301 980 lnqne
328 896 535 980 triumphalis
562 895 671 962 divina
696 904 836 962 numinis
863 906 932 961 urte

202 992 354 1081 Effigiem
382 1015 499 1058 currus
526 1000 656 1076 superis
684 995 874 1058 mirantibus
900 1002 1007 1078 aptum

202 1089 250 1154 Ac
276 1098 469 1175 picturatum
496 1090 594 1154 sedes
621 1091 817 1176 Sappbirina
845 1113 974 1155 currum

202 1186 311 1253 Altior
336 1189 475 1276 egregio
502 1188 664 1252 radiorum
691 1188 836 1253 illustrat
862 1188 995 1252 bonore.

202 1285 307 1350 (Anam
334 1285 432 1356 simul
459 1307 497 1350 ae
525 1292 656 1371 propria
682 1287 877 1354 CHRISTUS
906 1292 1024 1351 virtute
1051 1288 1254 1373 triumphans

201 1383 417 1464 Conscendit,
444 1383 555 1467 rapido
583 1383 713 1449 sublata
742 1382 902 1446 Animalia
929 1405 1026 1448 cursu

201 1479 396 1564 Corripuere
422 1487 506 1544 viam
535 1487 659 1564 pariter
684 1486 874 1567 pariterque
900 1489 1042 1545 rotarum

201 1575 355 1642 Exilnere
383 1578 502 1662 orbes3
528 1598 587 1660 per
614 1583 708 1643 inane
737 1577 922 1643 volantibus
950 1577 1014 1641 alis

200 1675 251 1740 Fit
276 1680 422 1755 sonitus,
448 1672 575 1760 qualem
603 1697 673 1740 cum
700 1680 835 1739 miscent
862 1674 985 1758 praelia
1011 1680 1117 1756 renti,

200 1771 242 1836 Et
267 1771 388 1859 pelago
415 1771 593 1836 bacchetur
618 1773 739 1852 biems,
768 1782 861 1837 vasta
886 1793 1040 1857 aequora·
1057 1770 1191 1851 tollunt,

199 1867 266 1933 Aut
293 1891 365 1933 enm
393 1874 592 1954 praecipites
617 1869 746 1956 fugiunt
771 1890 832 1953 per
858 1890 940 1934 sexa
964 1869 1156 1956 quadrigae.

198 1964 295 2029 Clara
317 1964 526 2050 triumphalis
554 1973 704 2050 sequitur
731 1973 876 2053 vestigia
901 1987 1034 2047 currus,

199 2063 292 2149 Rege
319 2063 481 2143 salutato,
508 2062 687 2128 coelestum
716 2069 880 2126 exercitus
907 2069 1029 2148 omnis3

200 2157 332 2243 Perque
358 2165 445 2224 viam
472 2159 659 2244 hospitibus
686 2160 829 2246 gandent
854 2180 1020 2244 exponere
1047 2160 1129 2225 diris

198 2256 339 2321 Divitias
365 2263 458 2344 regni
485 2264 611 2322 aeterni
637 2258 805 2343 furiasque
831 2259 963 2342 superbi

197 2353 343 2418 Luciferi
371 2375 409 2418 ac
434 2360 530 2442 primi
555 2375 745 2422 successum
775 2376 812 2419 ac
839 2359 982 2439 praemia
1007 2354 1097 2420 belli.

196 2451 276 2516 Tum
303 2452 420 2537 quibus
446 2453 573 2519 insidiis
599 2453 694 2535 freti,
719 2458 815 2538 queis
842 2454 965 2518 viribus
992 2459 1098 2537 ipsum

198 2546 364 2634 Aggrcssi
391 2554 421 2612 in
449 2551 586 2637 Stygios
614 2572 729 2616 casses
756 2549 923 2634 impellere
950 2550 1108 2618 Adamnm

197 2644 463 2732 Progeniemque
490 2667 614 2711 omnem
644 2647 737 2711 Genii
762 2647 956 2714 flammantis
982 2648 1122 2729 Averni,

195 2741 238 2805 Et
263 2764 327 2828 qno
354 2762 515 2827 quemque
542 2742 635 2806 modo
664 2742 802 2807 coelesti
827 2745 1003 2810 excludere
1029 2767 1152 2832 regno,

195 2838 291 2903 Nunc
317 2845 426 2904 caecis
452 2840 560 2903 furtim
592 2839 685 2920 telis,
714 2861 798 2904 nurrc
825 2846 973 2906 cominus
999 2847 1081 2906 ansi.

196 2935 281 3001 (luis
308 2942 425 3023 cuique
449 2943 620 3022 appositus
646 2947 778 3018 custos,
806 2958 870 3021 quo
897 2936 982 3002 fidus
1009 2957 1119 3004 amore

196 3030 256 3097 Vel
281 3034 397 3120 lapsos
423 3034 503 3121 vigil
530 3038 666 3099 avitiis
692 3055 849 3098 revocare
875 3034 927 3098 vel
953 3043 1031 3099 ante

195 3129 418 3218 congressum
442 3136 607 3196 instruere
633 3136 787 3218 ignaros,
813 3130 968 3216 belloque
995 3133 1055 3195 sub
1081 3135 1153 3215 ipso

195 3223 317 3292 Suetus
343 3233 431 3292 etin
458 3228 567 3294 media
594 3227 732 3312 trepidis
759 3233 919 3294 assistere
945 3250 1063 3315 pugna.

291 3420 382 3486 llaec
408 3428 492 3487 inter
518 3424 599 3488 celsi
627 3428 803 3511 insurgens
830 3445 889 3508 per
917 3424 1056 3488 culmina
1081 3429 1197 3489 montis

192 3515 378 3604 lgnivomns
405 3528 511 3584 turres
537 3517 719 3605 rutilasque
745 3521 950 3604 stupentibus
977 3541 1071 3586 arces

192 3613 387 3700 Hospitibns
411 3617 522 3704 pandit
546 3623 689 3704 supremi
717 3625 812 3705 regia
837 3616 932 3682 coeli.

195 3709 359 3776 Quattuor
386 3714 462 3778 urbs
487 3735 592 3799 aequo
619 3715 757 3780 laterum
783 3716 967 3780 discrimine
993 3725 1122 3783 constat

192 3806 236 3871 Et
258 3810 389 3890 poribus
415 3817 532 3898 spatiis
556 3820 669 3896 partes
695 3819 840 3878 excurrit
863 3818 895 3877 in
922 3836 1044 3880 omnes.

193 3902 367 3970 Pellucent
393 3909 491 3976 nitida
517 3908 688 3976 stellantes
714 3909 855 3998 Jespide
885 3918 983 3995 muri,

193 4000 300 4087 Atque
327 4002 402 4070 illos
429 4006 536 4071 solido
561 4008 714 4074 bissenae
740 4009 885 4093 pondere
912 4025 1059 4096 gemmae

193 4095 396 4166 Sustentant.
448 4102 568 4190 Operis
596 4106 697 4172 decus
725 4106 957 4192 insuperabilis
984 4109 1153 4268 aequa&
