3082 4748
112 275 246 326 ⁴150-OEOE
636 272 759 326 'LIBER
774 273 827 324 dl'.
847 307 851 321 .

198 459 315 523 Tincta
340 461 444 538 rosis,
469 461 646 520 cernslsve
668 454 797 539 injectis
822 453 949 520 lactucas
973 457 1107 538 humor,

197 554 353 621 Erubuit:
380 553 568 638 vultumque
583 553 669 618 solo
702 553 825 636 defixa,
850 552 1022 637 sileusque

199 654 359 718 Promissi
385 656 530 730 exortem
556 659 672 735 partus
697 649 849 715 uoluebat
874 649 1040 718 honorem

198 749 270 814 Nec
295 757 399 813 tameo
429 753 572 831 amisso,
598 747 716 813 Matris
742 767 924 833 nomenque
949 747 1115 833 decusque
1213 781 1224 803 -’

198 845 395 933 Virginitate
421 845 636 932 placet,.sed
661 851 745 910 euim
772 865 836 929 qua
860 850 955 931 virgo
983 843 1109 931 pudore

197 943 317 1009 Illaeso
344 949 469 1030 pariat,
497 942 698 1027 thalamique
723 948 839 1030 ignara
859 941 979 1024 virilis,

197 1041 290 1106 Scire
316 1041 453 1123 ardeus,
478 1045 528 1106 sic
554 1039 671 1106 deiude
695 1039 817 1106 refert:
846 1046 920 1123 quis
946 1037 1027 1106 talia
1052 1039 1184 1106 tandem

195 1138 344 1220 Abnuat,
370 1145 490 1203 intacto
518 1143 557 1202 si.
573 1141 658 1202 casti
684 1136 766 1201 flore
792 1136 927 1220 pudoris

196 1237 401 1301 Consensum
426 1244 599 1322 praestare
624 1233 725 1300 licet?
749 1254 886 1320 namque
910 1239 983 1318 ipsu
1008 1232 1124 1303 viriles

197 1331 382 1420 Amplexus.
402 1333 506 1420 fugio.
559 1332 701 1418 Subjicit
728 1331 933 1399 lectissimus
958 1329 1057 1396 Ales:

293 1524 337 1590 Ut
352 1527 486 1599 ¹radium
513 1526 623 1608 sidus,
649 1526 871 1612 liquidumque
896 1531 942 1590 utv
956 1523 1084 1592 flamme
1099 1525 1251 1595 colorem

195 1622 357 1688 Inviolata
382 1630 484 1710 parit:
511 1630 561 1690 sio
586 1628 788 1712 virginitatis
815 1625 939 1690 honore

195 1720 316 1786 lllacso
341 1720 679 1789 aethereameduces
705 1719 800 1786 coelo
826 1724 962 1803 auspice
989 1717 1125 1803 prolem.

194 1818 344 1901 Namque
370 1819 427 1883 tibi
455 1823 658 1905 omnipotens
684 1823 775 1884 auris
801 1816 1002 1892 coelestibus
1027 1817 1145 1882 afflans

195 1915 338 1998 Spiritus
365 1916 546 2002 incumbet3
571 1922 753 2000 summique
781 1916 935 1982 Potentia
959 1919 1064 2001 patris

195 2011 351 2094 Desuper
376 2007 534 2092 illabens,
561 2019 674 2076 sancta
701 2021 734 2074 te
763 2012 856 2094 prole
884 2019 1053 2092 parentem

197 2105 338 2170 Efficiet.
390 2105 493 2170 Viden
519 2114 554 2170 ut
577 2106 703 2172 sterilis
729 2114 806 2188 post
829 2105 885 2168 fila
904 2104 1091 2188 juventae,

197 2201 354 2267 Extremo
381 2207 530 2290 ingratae
557 2207 644 2266 vitae
670 2201 732 2266 sub
756 2207 904 2288 margine
928 2201 1023 2266 Elisa

196 2299 271 2365 Jam
297 2306 425 2363 sextum
452 2297 712 2382 numeretdulci
738 2299 800 2362 sub
828 2296 970 2384 pondere
997 2304 1168 2366 mensemi'

196 2394 253 2459 Sic
278 2399 486 2480 incorruptae
512 2395 553 2460 de
578 2401 739 2482 sanguine
766 2394 913 2481 Virginis
937 2393 1022 2460 ultra

196 2491 345 2556 Naturae
368 2502 493 2556 sortem
519 2498 675 2578 viresque
701 2493 843 2560 educere
866 2491 1006 2574 Netum,
1029 2552 1033 2560 ,

195 2588 332 2653 Sidereo
357 2589 455 2654 facile
483 2598 552 2672 est,
579 2595 633 2676 qui
659 2597 818 2676 temperat
839 2594 968 2670 ‚omnim
992 2594 1075 2676 regi.

195 2684 289 2749 Talia
314 2685 563 2774 dicentiVirgo
589 2707 709 2754 secura
732 2685 869 2772 pudoris
907 2753 910 2758 ,

194 2781 271 2847 Jam
294 2779 361 2863 jam
388 2781 478 2846 nulla
496 2805 588 2848 mora
609 2792 679 2864 est,
706 2788 830 2866 iuquit:
857 2803 923 2866 qno
942 2801 993 2846 me
1015 2775 1138 2847 arbiter
1157 2784 1249 2852 *orbis

194 2876 388 2943 lmmeritam
415 2886 527 2960 vocat,
552 2878 674 2942 accedo
701 2883 907 2962 monitusque
933 2897 1083 2961 capesso.

196 2974 295 3039 Adsis
323 2999 341 3039 o
367 2973 510 3041 famulae
535 2974 657 3056 ΒΕὐε,
682 2982 715 3038 et
741 2981 796 3042 tua
821 2973 962 3043 Numina
987 2973 1089 3040 firma.

293 3165 355 3232 Vix
380 3169 464 3234 haec
489 3167 652 3234 ediderat:
678 3189 753 3238 cnm
779 3167 921 3238 Nuntius
947 3164 1029 3234 Ales
1052 3172 1083 3239 in
1110 3176 1200 3240 asten

194 3259 332 3327 Evolat:
360 3273 393 3328 et
415 3266 501 3330 dicto
525 3270 639 3346 citius,
664 3263 766 3334 DEUs
792 3265 924 3330 aethere
951 3285 1077 3336 summo
1131 3285 1139 3294 ·
1175 3326 1179 3337 ,
1211 3310 1215 3325 .

195 3360 425 3445 Descendens,
454 3381 536 3449 puro
563 3370 675 3426 castae
700 3361 931 3448 desanguiue
957 3360 1131 3447 Nymphae
1172 3397 1176 3404 ·
1249 3405 1252 3414 ,

193 3457 269 3541 lpse
296 3458 360 3521 sibi
386 3466 533 3523 tenerum
561 3480 680 3542 corpus
707 3464 1026 3542 vitaequecapaoes

195 3553 297 3618 Artus
323 3560 523 3639 composuit,
550 3556 639 3622 subit
664 3561 859 3622 intemerata
884 3559 1009 3640 vigoris

197 3648 352 3714 Aetherei
378 3651 559 3735 amplexum
581 3651 706 3739 Virgo,
732 3652 884 3736 dulcique
906 3650 1062 3736 liquescit

194 3746 293 3811 Ebria
321 3747 466 3832 laetitia,
493 3749 676 3832 Diviuoque
703 3755 832 3814 aestuat
855 3753 943 3835 igni,

194 3841 374 3910 Authorem
401 3851 549 3930 paritura
575 3867 669 3912 suurn
686 3843 910 3930 junctumque
936 3851 1018 3913 miro

193 3938 338 4026 Virginis
365 3941 545 4010 etlllotris
576 3943 743 4012 discordes
765 3944 912 4014 foedere,
927 3943 1078 4010 honores.

292 4133 404 4219 Mane,
430 4103 514 4204 noun
540 4161 616 4206 cum
638 4144 781 4223 psalmo
800 4137 951 4212 Tithonia
973 4155 1069 4205 “mu
1109 4229 1163 4299 δὴ
