3060 4752
123 213 239 264 et-res
650 207 759 264 blm
784 207 859 264 xiil.

208 396 377 460 Tartareis
402 392 514 462 illecta
539 391 643 474 dolis,
668 413 847 480 vanumque
872 391 1026 460 deorum

208 491 442 580 Relligionem,
468 495 585 558 animis
611 489 716 558 semel
740 489 996 574 imprudentibus
1022 481 1190 576 baustum,

207 591 308 657 Nulla
333 590 550 656 oblatrantum
576 594 704 676 pietas,
728 586 885 654 miracula
910 587 1017 670 nulle,

206 688 326 754 Nullae
353 684 548 752 coelicolum
573 691 712 771 potuere
737 685 913 750 excindere
938 685 1043 752 dirae.

206 785 298 852 Hanc
324 807 389 873 ego
416 785 551 868 decepto
577 803 644 868 qna
668 788 718 864 ri,
745 803 809 868 qua
835 781 1025 866 fraudibus,
1051 782 1122 850 orbi

207 882 318 948 Altius
341 883 484 971 infigam.
536 879 674 946 Ausonii
699 880 819 948 decora
844 879 967 964 inclyta
994 885 1117 965 sceptri

206 980 407 1059 Pontifices,
431 998 533 1068 reges
559 998 729 1046 sacrorum
755 982 927 1061 ipsumque
953 985 1120 1063 senatum,

206 1078 266 1144 Edi
296 1078 489 1164 occiduique
515 1076 606 1142 orbis
631 1081 737 1160 capite
762 1081 890 1156 omnia,
917 1083 1030 1142 contra

206 1175 423 1241 christiadum
447 1179 534 1240 ritus
561 1181 598 1240 et·
618 1194 714 1239 sacra
734 1176 880 1238 recentia
906 1193 1023 1259 cogam

207 1274 242 1339 ln
269 1294 421 1361 pugnarn.
473 1272 594 1355 Ferro,
620 1271 760 1338 flammis
785 1276 938 1354 omnique
965 1290 1116 1338 noverum

205 1371 389 1438 Poenarum
415 1374 546 1457 ingenio
571 1369 732 1458 frangam.
783 1365 928 1434 Falleris
952 1373 1100 1434 amoenis

103 1461 104 1464 ¹
206 1469 374 1534 illecebris
401 1474 488 1532 vitae
515 1487 690 1552 rerumque
718 1463 868 1550 cupidine
894 1463 1054 1549 flectam,

205 1565 239 1632 ln
266 1572 379 1633 vitium
404 1564 524 1630 faciles
550 1571 685 1630 animos.
737 1561 863 1627 Placita
887 1566 997 1628 omnia
1022 1561 1128 1627 dirum

205 1664 365 1731 Haeresls
391 1683 566 1750 erumpens
592 1661 747 1727 barathro
775 1659 966 1740 confundet,
993 1668 1027 1724 et
1053 1660 1163 1726 orbern

205 1761 360 1849 lmpietas
387 1760 514 1826 blandis
540 1768 647 1826 vertet
672 1755 835 1824 foecunde
859 1762 1007 1822 venenis.
1062 1790 1068 1810 s

205 1859 296 1926 Haec
322 1858 418 1942 olim,
445 1856 517 1924 eum
544 1864 675 1945 tempus
702 1861 774 1922 erit.
827 1853 924 1920 Nunc
950 1858 1055 1920 omnis
1081 1851 1202 1920 Averni
1276 1909 1278 1914 .

206 1957 250 2021 Et
274 1977 390 2021 manus
417 1964 452 2020 et
474 1954 568 2044 vigili
595 1953 735 2022 desudet
761 1972 838 2018 cura
862 1950 996 2034 labore,

206 2052 266 2135 Ut,
294 2074 358 2137 quo
386 2051 561 2138 pontifices
588 2052 663 2116 odio
690 2050 886 2133 scribaeque
913 2049 1086 2136 stupendis

207 2148 375 2236 Prodigiis
400 2152 519 2213 irritati
544 2154 713 2214 extinxere
734 2152 901 2212 vocantem
973 2197 977 2206 ,

206 2245 241 2312 ln
269 2244 424 2332 meliora,
453 2252 525 2310 etro
548 2245 728 2319 redivivum
754 2263 774 2308 a
798 2241 916 2308 funere
941 2241 1153 2314 Crinissum

207 2344 409 2431 oppugnare
435 2363 474 2407 ec
499 2346 597 2408 invisi
624 2361 806 2426 nomenque
832 2339 999 2425 decusque

207 2441 388 2505 Proterere
411 2448 445 2505 et
471 2439 605 2506 stultum
632 2447 771 2527 pergent
796 2437 950 2505 deludere
977 2435 1107 2525 vulgus.
1161 2487 1173 2510 ,.

206 2536 296 2603 Haeo
322 2537 441 2625 dignos
467 2537 550 2604 baec
572 2535 659 2606 ferte
686 2542 811 2603 animos
837 2541 868 2602 in
895 2533 1003 2622 bella3
1027 2534 1187 2603 scelestis

207 2633 354 2698 Accedet
379 2632 522 2699 stimulis
546 2640 677 2719 superis
706 2639 836 2720 ingrata
860 2655 1031 2721 propago..

206 2731 302 2796 Nunc
328 2752 366 2814 o,
393 2752 477 2796 nunc
502 2730 618 2796 avidos
633 2730 789 2816 (quando
817 2730 981 2800 CHRISTI
1006 2735 1099 2797 irrita
1123 2738 1229 2802 morte

208 2829 242 2893 ln
272 2826 407 2893 nihilum
434 2827 569 2910 recidit)
594 2827 755 2892 Mosaeae
782 2831 815 2888 iu
838 2825 975 2890 foedera
998 2824 1086 2913 legis

207 2925 408 2991 luflammete
434 2929 569 2990 animos.
620 2927 727 2990 Vitam
754 2927 961 3008 patriamque
986 2927 1107 3006 pacisci

207 3021 272 3088 Pro
299 3022 440 3109 templo,
463 3044 522 3106 pro
548 3021 624 3112 lege
650 3021 761 3088 velint.
813 3020 1047 3106 Phoebumque
1072 3021 1258 3106 «Iovemque

209 3119 438 3206 Sidoneosque
465 3119 547 3186 deos
574 3121 719 3208 fugient,
747 3117 943 3206 aquilasque
968 3119 1101 3203 superbi

210 3216 365 3281 Caesaris
389 3225 487 3304 atque
513 3239 640 3284 omnem
668 3218 807 3282 Romani
842 3220 980 3280 numinis
1008 3215 1161 3282 umbram.

210 3310 254 3377 At
280 3315 444 3383 CrinisTr
470 3321 574 3380 tamen
600 3322 631 3382 in
662 3319 797 3380 comites
824 3313 1039 3398 duodenaque
1068 3319 1182 3378 coetus

210 3411 350 3476 Nomina
375 3412 550 3499 apostolici
574 3413 785 3497 Nazareique
810 3429 971 3497 sequaces

209 3508 404 3593 Hebraeos,
432 3514 533 3576 tentis
559 3518 653 3576 notos
674 3507 831 3594 impellite
857 3509 1012 3588 dammis,

208 3605 252 3672 Ut
276 3613 368 3692 prios
394 3606 597 3674 Ausonidum
624 3604 821 3690 Grajumquc
846 3611 953 3670 invisa
979 3604 1130 3672 volentes

209 3704 245 3768 lu
271 3727 366 3770 sacra
391 3710 578 3791 conspirent
602 3705 758 3788 elrarique
785 3703 936 3770 incendia
961 3703 1093 3788 templi,

211 3801 317 3866 fluam
343 3801 560 3868 Galilaeorum
589 3808 780 3890 surgentem
806 3807 993 3870 increscere
1020 3809 1143 3868 sectam

210 3896 392 3984 Aspicisnt.
443 3901 612 3966 ltuaerant
638 3919 750 3964 omnes
776 3920 935 3967 renovare
962 3919 1021 3984 per
1046 3917 1149 3965 annos

213 3994 311 4060 Orbis
337 4001 367 4060 in
394 4003 560 4065 interitum
585 4003 741 4084 suspensi
767 4002 917 4066 immania
942 4002 1034 4084 regis

213 4092 391 4180 Supplicia.
444 4094 476 4159 lu
504 4094 614 4161 charis
640 4103 738 4180 capnt
762 4092 953 4162 inviolabile
977 4089 1130 4158 memhris
1210 4163 1215 4172 ¹
