3056 4758
658 236 900 291 ClllllSTlADOS

232 421 275 486 Et
301 421 376 486 mihi
406 422 457 487 rel
482 429 554 519 toto
580 430 740 488 terrarum
766 424 897 489 charior
923 422 1003 488 orhe

231 519 303 584 Una
329 527 395 585 eris
421 530 455 586 et
481 521 583 586 nitida
609 520 733 588 stellati
758 523 894 591 fornicis
917 541 1004 586 arce.

231 617 288 683 Nil
315 619 373 682 tihi
400 623 432 682 in
456 625 632 684 extinctum
651 619 752 704 juris,
779 628 833 684 tua
859 641 961 685 scena
987 630 1118 704 peracta
1143 629 1206 687 est.

230 716 307 782 Jnm
334 717 457 782 tumulo
479 716 537 800 jus
563 738 676 797 omne,
700 719 779 808 mihi
800 719 859 802 jus
885 735 979 783 omne
1006 719 1130 806 sepulti

232 815 388 879 Debetur.
441 815 556 879 Liceat
583 815 750 880 Panchaia
775 816 877 898 dona,
906 816 1055 881 Sabaeas

231 913 421 998 Composito
449 932 574 978 merces
603 911 811 998 Arabumque
838 913 1005 978 offundere
1033 914 1163 980 odores.

230 1012 368 1077 Votivos
394 1016 534 1075 miserae
560 1009 661 1075 liceat
686 1011 876 1098 persolvere
901 1011 1012 1076 fletus.

233 1111 321 1174 liora
347 1109 422 1196 quid
450 1112 556 1172 oranti
583 1109 733 1174 crudeles
759 1109 906 1174 obstruis
933 1109 1058 1173 aures?

229 1209 321 1272 Tune
348 1212 444 1271 etiam
473 1207 549 1270 rnihi
577 1208 766 1274 muneribus
788 1207 943 1272 tentanda
967 1205 1143 1292 profusis}J

231 1305 316 1370 auid
345 1309 431 1391 petis
458 1313 515 1368 aut
541 1326 605 1388 qua
630 1305 795 1370 sublatum
822 1304 974 1371 mercede
1001 1311 1172 1390 repones,⁰

230 1403 266 1468 Si
292 1402 447 1488 lacrymis
473 1401 561 1466 flecti
588 1424 726 1487 posses,
754 1408 783 1466 si
811 1403 961 1467 dulcibus
988 1407 1059 1466 auri

230 1501 400 1585 corrumpi
428 1498 613 1582 illecebris,
641 1522 802 1588 nunquam
829 1508 879 1564 tot
904 1502 1021 1566 furrera
1045 1520 1161 1586 regum

230 1597 302 1662 Non
331 1597 504 1666 exarandis
532 1597 736 1664 cumulasse·
763 1597 911 1684 improba
936 1598 1023 1664 telis.

327 1793 387 1859 llis
413 1814 545 1882 aegram
573 1800 660 1859 curis
687 1793 743 1860 lux
768 1800 967 1880 improvisa,
990 1815 1049 1880 per
1076 1814 1201 1860 ornnem

230 1891 426 1976 Speluncam
454 1893 591 1974 diffusa,
619 1912 740 1980 graves
766 1892 959 1979 abrumpere
986 1900 1123 1976 questus

231 1989 404 2076 Compulit.
457 1989 588 2054 Alfixos
613 1990 736 2055 tumulo
763 1989 852 2055 levat
878 2010 979 2075 ocyus
1006 1997 1108 2054 artus.

231 2087 380 2172 Dumque
406 2093 526 2152 iterum
552 2093 645 2152 vacui
671 2093 831 2177 gremium
857 2087 998 2154 lustrare
1025 2087 1191 2172 sepulchri

230 2186 353 2251 lnflcxa
379 2191 507 2250 ceruice
534 2194 644 2272 parat,
671 2187 762 2254 videt
787 2185 922 2251 aethere
948 2185 1062 2270 lapsos

231 2284 385 2371 Aligeros
414 2289 564 2371 geminos
592 2289 754 2369 niveaque
780 2289 812 2348 in
840 2292 934 2349 veste
961 2289 1119 2348 micantes

232 2381 279 2445 Ad
308 2403 436 2447 sacrum
463 2381 576 2445 tumuli
603 2391 701 2466 eaput
729 2381 781 2444 hic
808 2380 1000 2462 considere,
1027 2391 1061 2445 at
1087 2381 1145 2445 ille

232 2479 409 2543 Marmoris
435 2483 586 2562 opposito
613 2476 760 2542 residere
784 2484 816 2541 in
843 2483 1009 2564 margine,
1036 2477 1153 2543 blando

232 2575 407 2640 Caelestes
434 2580 521 2662 genii
550 2581 731 2638 moerentis
757 2574 877 2640 lumine
903 2584 1019 2659 pectus

231 2671 382 2739 Mulcere
406 2682 441 2737 et
469 2672 555 2737 dulci
580 2671 702 2738 luctum
728 2693 882 2738 sermone
908 2672 1027 2738 levare.

329 2868 393 2934 llei
423 2870 517 2954 mihi,
545 2871 717 2958 depositos
745 2869 866 2956 aliquis
890 2871 969 2935 mihi
993 2867 1132 2934 sustulit
1156 2877 1266 2953 artua,

230 2966 290 3031 llla
315 2968 435 3050 refert,
462 2968 614 3055 quodque
639 2975 712 3053 ipsa
739 2976 844 3056 inagis
872 2968 1032 3052 dulceque
1056 2987 1262 3054 querorque,

230 3065 375 3146 Nescio,
402 3089 466 3151 quo
493 3075 616 3152 raptum
644 3072 765 3131 misera
790 3085 932 3132 avexere
959 3070 1159 3152 magistrum.

230 3163 302 3228 Nec
328 3185 438 3247 mora,
464 3170 615 3249 responsi
643 3167 836 3249 impatiens,
864 3165 1032 3228 humentia
1058 3167 1159 3226 vertit

230 3261 369 3326 Lumina
394 3267 424 3325 in
452 3269 637 3346 oppositum
664 3261 841 3348 speluncae
868 3259 999 3325 turb-ida
1024 3259 1123 3325 limen

231 3357 446 3444 lgnotunrque
473 3366 545 3444 ipso
573 3363 677 3424 cernit
701 3359 761 3423 sub
787 3357 900 3422 limine
927 3365 1084 3441 stantem,

232 3455 280 3518 Ac
308 3455 400 3521 velut
425 3464 651 3546 accingentem
677 3462 769 3540 operi
795 3477 850 3538 se,
878 3457 1073 3541 hortumque
1099 3455 1212 3542 ligone

232 3550 341 3615 Altius
368 3553 466 3617 infixo
490 3577 509 3618 n
535 3553 664 3619 tribulis
690 3573 835 3641 purgare
862 3563 1044 3640 parantem.

232 3647 332 3733 Cujus
359 3649 399 3712 ah
423 3659 559 3733 aspectu
585 3651 672 3716 laeto
699 3673 856 3736 percussa
882 3649 1038 3738 stupore,

232 3749 357 3813 Siccari
388 3753 495 3811 sensit
521 3748 682 3833 lacrymas
709 3756 781 3813 sine
807 3747 883 3835 lege
909 3749 1063 3812 fluentes.

232 3847 306 3910 (luo
334 3849 439 3932 magis
466 3844 565 3910 infixo
590 3857 801 3932 conspectum
829 3845 947 3910 lumine
973 3844 1109 3928 lustrat,

232 3945 391 4009 Increscit
416 3949 531 4032 stupor
556 3949 629 4026 ipse
657 3949 782 4030 magis3
808 3941 979 4026 suspendit
1006 3951 1167 4009 amantem

233 4040 361 4126 0hjecti
389 4063 472 4106 nova
498 4043 600 4108 forma
626 4045 685 4105 viri
713 4040 904 4126 vultusque,
931 4060 990 4104 nec
1019 4039 1070 4104 illi

231 4138 368 4230 ignotus
394 4147 525 4226 penitus
552 4159 612 4206 uec
637 4137 741 4206 adhuc
769 4138 970 4204 manifestus.
1010 4137 1136 4205 'Amica
