3060 4752
132 267 266 322 rra-rra
662 261 773 321 nuncu
795 223 858 317 xil.
1334 273 1406 344 Μ

221 449 406 537 Exprobrat
430 447 661 534 infandumque
686 448 800 532 nefas,
826 468 929 538 super
954 456 1062 518 omnia
1086 471 1209 523 sacrae
1311 463 1314 469 '

222 548 400 615 Consilium
425 553 540 615 mortis
567 546 842 632 desperatumque
867 546 1026 628 salutem:

320 741 487 829 Agnoscis
515 742 644 808 tandem
670 746 775 827 pretio
803 763 886 827 quo,
913 743 1054 829 perfide,
1078 753 1218 818 amicum

223 839 440 907 vendideris?
467 861 542 908 num
568 849 620 906 ter
645 838 766 921 denos,
791 845 938 926 ingrate,
964 843 1113 910 videmur

223 937 361 1027 Argenti
388 955 536 1006 nummos
560 946 594 1004 et
627 957 760 1004 munera
785 945 884 1022 pacta
908 938 1049 1006 valere?

224 1036 337 1124 Usque
363 1036 488 1102 adeone
513 1037 573 1100 tibi
597 1041 751 1118 positor
777 1035 933 1102 miracula
957 1058 1093 1124 vecors,

225 1133 439 1218 Sordnimns,
468 1155 528 1200 nos
555 1139 590 1198 ut
615 1131 735 1216 laqueo
760 1141 886 1199 mutare
912 1135 1014 1222 (quod
1040 1136 1110 1214 illis
1167 1179 1170 1186 ·

224 1233 403 1298 Praeterea
428 1252 447 1296 e
472 1235 610 1298 nummis
637 1229 763 1294 lucrum
788 1229 956 1297 malesane
981 1232 1135 1316 tutentur)

224 1328 426 1396 Annueresi)
455 1337 546 1396 esto:
573 1329 753 1395 decumana
778 1327 910 1394 surdior
936 1330 1023 1396 unda

225 1425 376 1493 Affusum
401 1428 560 1510 pedibus,
585 1425 726 1512 lymphis
753 1425 974 1512 lacrymisque
999 1427 1165 1495 lavantem

227 1523 367 1590 Sordida
392 1526 548 1614 sacrilegi
573 1526 657 1590 furis
684 1529 825 1610 vestigia
847 1530 987 1592 amicum

227 1622 434 1707 Prodideris,
459 1642 616 1705 mensae,
642 1621 797 1707 bospitii,
822 1627 976 1706 pietatis,
1006 1629 1127 1689 amoris

226 1719 408 1786 Immemor.
459 1721 583 1786 Exacto
609 1740 667 1784 cnr
692 1718 819 1785 tandem
847 1724 1000 1805 erimine,
1027 1720 1145 1787 bluuda

227 1817 317 1883 Voce
343 1824 521 1899 invitatus,
548 1815 721 1904 complexu
746 1825 922 1904 exceptus,
948 1818 990 1883 ad
1016 1815 1073 1883 illa

228 1914 367 1999 Oscula,
394 1921 489 2002 queis
516 1915 599 1980 fidus
625 1935 698 1978 raro
725 1914 878 2002 dignatus
905 1920 1048 1998 amieos,

228 2007 422 2094 Admissus,
449 2019 565 2079 veniae
592 2032 632 2076 ex
657 2016 763 2075 animo
789 2031 881 2096 spem
906 2013 1053 2078 funditus
1081 2033 1209 2079 erinnem

229 2105 356 2190 Abjicis
383 2115 416 2171 et
441 2108 619 2193 desperata
642 2113 765 2194 pietate
791 2115 935 2172 recurris

231 2202 280 2269 Ad
306 2204 485 2289 laqueum?
510 2204 622 2269 fruere
648 2203 791 2269 inlausta
813 2207 965 2272 mercede
991 2211 1119 2272 cruoris

229 2301 290 2384 (Ut
316 2306 470 2384 meritus)
497 2307 667 2387 pretioque
694 2307 767 2366 rnei.
819 2303 891 2367 Tibi
917 2304 1051 2369 saecula
1076 2309 1160 2388 parti

228 2399 328 2465 Nulla
353 2397 436 2463 lucri
460 2401 577 2466 foenus
603 2395 821 2486 quaesitaque
847 2407 991 2485 praemia
1016 2401 1142 2471 tollent.

230 2497 395 2563 Pendebis
421 2498 540 2583 laqueo
566 2498 680 2563 fauces
708 2503 909 2585 stringente,
937 2520 1162 2586 necunquam

230 2595 389 2679 Expirare
414 2597 471 2659 tibi
499 2593 554 2660 vel
580 2600 744 2679 respirare
772 2595 907 2678 licebit,

231 2690 395 2777 Quicquid
419 2699 593 2776 praeterea
618 2699 772 2755 aeternae
797 2693 995 2759 immutabile
1021 2699 1138 2762 mortis

231 2787 412 2855 Arbitrium
439 2796 474 2854 et
493 2788 609 2872 justae
635 2787 728 2852 furor
753 2789 988 2871 insuperabilis
1018 2812 1120 2856 urnae

232 2885 390 2972 Supplieii
417 2906 530 2950 manes
556 2883 653 2948 Erebi
679 2889 820 2968 partitur
844 2889 875 2948 in
906 2906 1038 2950 omnes:

203 2983 336 3049 ,Unius
362 2988 392 3047 in
422 3003 548 3068 poenas
575 2981 745 3046 collectum
772 2981 919 3047 effundit.
972 2981 1113 3050 Acerbis

231 3079 337 3147 Unum
362 3080 445 3145 odiis
472 3081 593 3146 infensi
620 3098 732 3144 ornnes
758 3087 857 3165 atque
884 3080 1032 3145 omnibns
1059 3076 1180 3146 unurn‘

232 3177 402 3244 lncessent
428 3178 676 3265 diris,·quiqne
705 3198 802 3242 auras
829 3179 966 3242 aethere
994 3183 1025 3242 in
1051 3177 1118 3243 alto

233 3273 361 3339 Vitales
387 3283 536 3360 carpent,
562 3283 596 3339 et
621 3279 677 3359 qui
701 3296 751 3339 me
772 3274 885 3360 jndice
910 3274 1027 3362 dignas

232 3369 426 3456 Expendent
449 3371 613 3438 scelerum
639 3371 756 3461 Stygio
783 3372 845 3438 sub
872 3392 1004 3436 carcere
1029 3392 1165 3457 poenas.

329 3563 375 3630 At
400 3565 511 3651 rapido
536 3570 636 3629 mersi
663 3566 774 3651 Cocyti
802 3570 936 3654 gurgite
962 3586 1094 3649 manes,

233 3664 311 3728 Cum
337 3661 458 3728 nnllam
484 3662 649 3749 refrigerii
675 3683 787 3747 spem,
815 3663 905 3730 nulla
930 3663 1087 3729 malorum

232 3758 409 3825 Intervalla
433 3760 665 3844 triumphantis
691 3781 750 3847 per
775 3760 914 3826 vulnera
940 3762 1105 3848 CHRISTI

234 3855 429 3922 Accessisse
456 3857 584 3938 vident,
611 3856 724 3922 rabida
750 3863 919 3945 impietate
945 3859 1114 3939 furentes,

232 3952 423 4018 Horrisonis
450 3954 577 4040 queruli
603 3955 685 4021 diris
711 3977 877 4042 saevoque
906 3954 1033 4021 ululatu

230 4050 437 4116 Bacchantes
464 4056 548 4140 nigri
573 4061 725 4138 rumpunt
750 4053 922 4142 ergastula
947 4051 1099 4131 claustri,

231 4146 317 4214 Vae!
344 4148 423 4214 vae!
448 4149 588 4214 terribili
614 4158 780 4216 ueternum
807 4149 947 4215 elurnore
975 4154 1146 4234 gementes
1240 4161 1243 4166 '
