3082 4746
581 213 586 222 ’
656 211 899 266 cuursrmnos

233 401 428 487 Procubuitq
453 401 581 486 lapsum
608 404 711 464 toties
737 405 916 485 patresque
940 398 1070 484 resque

234 501 410 566 Carnifices
436 505 566 584 patrum
592 497 775 583 exemplum
799 503 906 562 risere
932 503 1124 582 sequentes.

233 598 286 662 Ne
311 607 417 662 tamen
445 594 565 680 injusto
591 601 691 660 toties
715 596 777 659 sub
802 596 893 660 fasce
920 595 1091 660 cadentem

233 696 414 782 lmprouiss
439 699 530 759 cruci
554 699 701 778 eriperet
726 713 832 777 mors,
859 693 1002 778 undiquc
1028 701 1207 778 quaerunt,

233 791 354 881 Ecquis
381 815 482 873 onus,
509 811 608 876 prece
634 790 688 854 vel
712 797 822 876 pretio
848 795 1023 874 invitatus,
1049 795 1081 855 in
1108 791 1208 858 ultum

232 890 334 957 Ferre
360 890 442 956 velit
467 895 608 953 montem
634 907 816 972 munusque
843 889 962 954 infame
988 888 1111 954 subire.

232 989 326 1054 Talia
350 989 523 1053 volventes
548 991 682 1066 animis,
708 985 899 1073 nullumque
923 987 1033 1052 Latini

234 1086 414 1176 Sanguinis
440 1083 586 1149 lsacidae
612 1082 733 1150 nullum
759 1082 800 1149 rle
826 1089 949 1169 stirpe,
975 1083 1031 1151 vel
1057 1090 1131 1170 ipsa

234 1184 344 1248 Morte
371 1188 550 1263 intentato,
578 1182 748 1248 -sunesmm
772 1180 926 1247 attollere
947 1189 1102 1248 vtruncum

234 1280 329 1346 Velle
339 1305 359 1365 f
375 1281 560 1346 suburbano
587 1286 768 1346 venientem
794 1300 871 1344 rure
898 1279 1062 1346 Simonem

236 1378 432 1466 Aspiciunt3
457 1377 565 1443 valido
591 1378 719 1444 solidae
746 1383 796 1443 coi
823 1379 942 1444 robore
969 1383 1077 1459 vires,
1133 1389 1136 1394 '

117 1495 119 1498 ·
233 1475 367 1565 Integer
391 1497 431 1540 ac
457 1483 528 1542 aevi
553 1482 689 1564 sangnis
716 1481 914 1561 patiensque
940 1476 1087 1542 laborum

234 1573 361 1658 Corpus
388 1579 469 1639 erat.
522 1576 699 1660 Cyrenaeis
725 1575 778 1640 bic
801 1582 903 1639 natos
929 1580 1059 1657 arenis,

235 1670 423 1738 Coelestem
450 1674 580 1758 Tyriam
608 1673 773 1757 fulvisque
799 1671 951 1736 leonibus
977 1680 1073 1740 actos

233 1769 377 1834 lrridens
404 1769 544 1854 Cybeles
568 1789 699 1851 currus,
725 1775 932 1855 patriamqne
957 1771 1115 1857 Deosque

118 1928 121 1938 ,
234 1867 392 1954 Liquerat
418 1876 452 1932 et
479 1867 632 1952 Solymus
657 1874 783 1933 vicinos
809 1887 941 1932 vomere
967 1887 1103 1952 compos

233 1964 438 2054 Frangebat,
465 1969 598 2054 gemino·
620 1975 767 2030 ustorum
793 1970 931 2052 pignore
957 1965 1049 2030 felix.

233 2062 328 2130 Hunc
355 2070 543 2150 (procerum
568 2065 681 2129 verbis
708 2069 835 2140 moniti)
862 2064 1006 2130 clamore
1031 2084 1194 2150 manuque

235 2162 413 2227 Carnifices
440 2162 547 2228 subita
573 2162 728 2227 invadunt
752 2183 791 2228 ao
815 2162 919 2226 multa
942 2170 1132 2248 stupentem

232 2260 385 2325 Feralem
411 2257 549 2324 deferre·
568 2261 712 2342 trabem,
739 2261 960 2344 precibusque
985 2264 1171 2344 minisque.

233 2359 408 2422 Permistis
434 2365 562 2443 urgent.
614 2358 730 2444 Negat
753 2357 811 2420 ille
836 2363 869 2420 ct
895 2377 997 2441 saepe
1023 2366 1160 2422 recusat

234 2456 346 2520 Triste
373 2459 608 2538 ministerium
624 2474 705 2518 'cnm
732 2459 883 2539 protinus
912 2454 1048 2518 aethere
1074 2455 1117 2520 ab
1143 2455 1210 2522 alto

235 2551 388 2616 Numinis
414 2555 549 2635 imperio
577 2554 699 2616 inlesus
726 2549 817 2615 celer
843 2556 952 2616 astitit
978 2551 1070 2634 ales,

235 2649 353 2713 Omnia
380 2645 566 2713 Alexandro
592 2647 728 2734 similis3
755 2649 940 2736 falsumque
965 2657 1138 2737 parentem

235 2747 405 2830 lnspirans
432 2744 598 2812 meliorem
625 2752 765 2812 animum
790 2769 981 2835 supponere
1006 2756 1123 2813 trunco

236 2843 472 2928 Cervicemque
499 2843 727 2930 humerosque·
748 2855 874 2932 monct3
898 2844 1095 2934 dignissime
1120 2845 1261 2929 spondet

235 2941 387 3006 Praemia
411 2951 445 3006 et
471 2952 640 3008 aeternum
665 2951 805 3008 ventura
830 2948 862 3006 in
890 2944 1025 3009 saecula
1054 2962 1182 3008 omnen.

237 3039 319 3104 Dum
345 3046 413 3104 irati
441 3061 580 3104 occursu
607 3040 717 3106 subito
743 3040 894 3105 turbatas
920 3041 1088 3121 inhorret,

236 3137 341 3204 (luem
368 3137 482 3222 procul
508 3144 653 3204 amoris
677 3143 709 3200 in
734 3137 815 3202 villa
838 3136 951 3222 liquit,
978 3147 1012 3202 ct
1038 3137 1123 3204 unde
1161 3191 1163 3194 .

236 3235 326 3301 llaec
348 3234 464 3320 juveni
490 3241 616 3322 agresti
642 3243 759 3320 surgat
784 3233 907 3297 fiducia
933 3241 1078 3321 quaerit3

234 3332 270 3399 In
297 3333 424 3398 coelum
450 3334 584 3417 paribus
610 3331 761 3396 revolans
789 3349 827 3394 se
853 3332 989 3398 sustulit
1014 3332 1078 3398 alis
1118 3361 1121 3368 ’

236 3429 386 3520 Angelus
412 3439 447 3496 et
473 3429 563 3496 claro
590 3435 735 3516 vestigia
758 3428 880 3493 lumine
906 3432 1028 3517 signat.

236 3527 327 3614 Ergo
353 3547 436 3591 onus
459 3531 645 3612 impositum
671 3525 779 3592 facilis
806 3526 981 3613 laetusque
1006 3533 1159 3614 capessit
1206 3567 1217 3585 κ

238 3621 437 3706 Attollitque
461 3623 605 3689 humeris
631 3629 796 3710 vitamque
819 3623 987 3710 decusque
1012 3634 1177 3711 nepotum.

336 3814 481 3903 Virginis
507 3826 543 3882 at
567 3818 702 3886 soboles
728 3819 889 3886 subducto
916 3825 1046 3906 stipite,
1075 3820 1167 3886 fesso

237 3917 280 3982 Ut
304 3915 486 4001 respirandi
510 3914 636 3982 taudem
663 3939 825 3984 concessa
847 3926 1018 4005 potestas,

237 4014 385 4101 Undique
411 4014 531 4080 diffuso
557 4014 734 4100 perlustrat
759 4021 902 4100 compita
927 4015 1041 4097 vultu,

238 4112 275 4179 Si
302 4131 397 4199 quem
423 4111 617 4199 discipulum
643 4114 770 4197 rideat,
799 4113 978 4183 tranem
1001 4113 1183 4194 lambat,
