3082 4746
82 181 90 192 ’
122 217 256 268 ιιι-ιιι
657 211 765 264 urana
791 211 849 264 vn.

212 401 398 485 lmportuno
425 397 579 462 humeros
604 417 670 483 qua
690 399 758 482 jam
785 397 968 464 subducere
994 400 1078 463 lasci

214 498 334 561 Posset
359 504 394 560 ct
418 494 538 560 infensi
563 493 687 577 justum
711 494 817 560 lenire
842 503 990 581 tyranni,
1153 489 1156 494 ’
1202 505 1205 512 ’

212 595 319 661 (linem
343 592 561 658 Galilaeorum
588 598 730 657 irritaret
756 592 873 675 caede,
899 593 1061 659 furorem:

212 693 278 776 lte,
305 697 368 774 ait,
394 700 429 756 et
454 691 539 780 Regi
566 699 696 755 vestros
723 697 877 775 exponite
903 699 1059 775 questus,

213 790 271 856 Cui
298 794 398 854 vincti
424 809 555 854 eausam
584 786 724 854 Galilaei
752 788 875 854 cedere*
896 788 947 853 fas
973 797 1034 854 est.

307 982 399 1048 llaec
422 983 529 1064 fatus,
555 1001 594 1046 se
619 987 778 1067 surripuit
799 1002 1021 1068 proceresque
1044 984 1176 1070 reliquit
1247 971 1249 976 ¹

209 1080 400 1165 Suspensos
426 1085 523 1144 animi
550 1079 852 1166 dedignantesque,
879 1088 929 1145 tot
954 1073 1071 1145 artes

207 1178 312 1244 Unius
339 1184 371 1242 in
398 1197 524 1263 poenas
550 1201 611 1244 non
638 1178 815 1242 suffecisse
841 1184 1010 1258 nocentis,

208 1275 361 1341 Scilicet!
387 1284 422 1340 at
449 1275 523 1361 quid
547 1276 670 1365 agant?
698 1274 851 1357 Praescs,
880 1295 940 1340 ceu
962 1274 1109 1341 lubricus
1131 1281 1288 1365 anguis,·.

206 1374 352 1459 Elapsus
378 1374 528 1439 manibus
554 1375 657 1461 fugit,
686 1377 737 1436 via
763 1371 852 1436 nulla
877 1372 1018 1437 tenendi.
1085 1401 1088 1412 ·
1257 1368 1272 1398 '¹

207 1471 275 1556 Spe
301 1479 411 1536 tamen
438 1472 500 1536 hac
526 1476 653 1536 animos
678 1477 832 1554 pascunt,
860 1469 913 1534 vel
940 1477 1075 1535 crimine
1100 1469 1186 1534 falso
1272 1521 1300 1538 ..

206 1568 314 1655 Regni
339 1570 485 1634 affectati
513 1568 656 1654 perculsi
683 1575 816 1654 pectora
842 1565 945 1655 Regis

206 1665 302 1730 Votis
327 1685 522 1753 accessura3
547 1667 641 1731 leves
667 1685 732 1752 qua
758 1663 846 1729 nulla
871 1673 1029 1749 tyrannos

208 1761 275 1828 Aut
302 1769 436 1851 gravior
463 1771 560 1829 vexat
584 1763 724 1829 formido
750 1773 808 1827 aut
837 1769 971 1828 saevior
997 1771 1095 1849 urget

205 1859 318 1926 Pestis
344 1868 375 1926 in
399 1868 534 1928 insanas
559 1861 648 1927 nullo
674 1861 859 1926 discrimine
885 1859 1013 1925 caedes.

307 2053 348 2115 At
372 2058 506 2117 summis
531 2052 617 2118 coeli
640 2051 790 2117 residens
816 2060 848 2116 in
875 2053 1031 2132 nubibus,
1058 2056 1144 2115 inter

206 2146 363 2212 Sidereas
390 2148 497 2214 divum
521 2156 646 2213 turmas
672 2148 859 2232 Sapientia,
884 2154 983 2212 vincti

206 2242 358 2310 Numinis
384 2245 536 2334 indignos
563 2245 660 2310 oculo
685 2251 863 2311 miserante
887 2243 1020 2310 labores

205 2339 316 2426 Atque
341 2364 435 2408 suum
460 2342 633 2428 spectabat
659 2340 751 2427 opus.
804 2343 954 2430 Namque
980 2347 1054 2429 ipsa
1084 2346 1212 2405 cruenti

207 2437 378 2526 lngeninm
403 2438 485 2506 lethi
510 2448 677 2527 totamque
704 2439 745 2504 ab
771 2447 898 2530 origine
925 2459 1055 2506 scenam

208 2534 295 2600 Ante
322 2538 461 2602 laborati
487 2537 646 2603 cunabula
670 2546 837 2603 struxerat
862 2540 962 2603 orbis.

207 2632 298 2719 Ergo
325 2637 379 2700 ubi
406 2635 504 2699 Pilati
530 2635 700 2700 dimissum
726 2635 888 2718 praesidis
914 2637 991 2700 aula

208 2727 338 2814 Aspicit
364 2741 399 2796 et
424 2730 516 2795 duris
541 2740 702 2796 arctatum
725 2731 860 2796 braclria
884 2733 999 2816 nodis,

206 2825 379 2914 Indignata
401 2828 513 2908 netas,
539 2829 685 2892 divarum
709 2847 729 2890 e
756 2827 865 2892 classe
891 2848 1042 2892 sororum

206 2923 331 2992 Evocat
356 2931 430 3012 ipsa
455 2924 565 2991 Fidem
591 2943 757 3010 roseoque
784 2924 866 2991 haec
892 2923 1008 2990 edocet
1032 2941 1109 2989 ore:

302 3117 350 3182 En
378 3126 415 3183 ut
439 3120 479 3185 ad
506 3124 623 3185 incesti
650 3120 855 3204 protruditur
879 3124 964 3183 atria
991 3125 1082 3206 regis

206 3213 385 3279 Caelituum
411 3216 578 3300 dominus,
610 3222 732 3305 gemini
759 3239 838 3302 spes
864 3215 1115 3282 unicamundil
1144 3267 1147 3274 .

206 3310 357 3376 Quantus
382 3312 487 3378 adhuc
512 3314 604 3382 fesso
627 3323 764 3398 superat
788 3313 897 3380 labor!
925 3324 1017 3378 arcta
1041 3317 1168 3378 eatenis

205 3407 354 3474 Membra
378 3419 513 3497 gemunt
540 3419 574 3478 et
598 3418 781 3499 sanguineo
807 3413 927 3478 sudore
954 3412 1120 3477 fatiscunt.

205 3505 355 3571 Crudelis
380 3508 484 3573 furias
510 3515 618 3574 noctis
645 3509 819 3595 velataque
845 3516 937 3574 mitto

205 3602 340 3668 Lumina
363 3614 397 3670 ct
422 3611 570 3692 ingratae
594 3607 723 3672 facinus
749 3606 958 3691 lacrymabile
984 3605 1129 3671 dextrae.

204 3698 239 3763 ln
268 3704 413 3766 tenebris
439 3702 522 3768 haec
546 3711 638 3788 acta,
664 3702 771 3786 palam
797 3711 953 3792 graviora
977 3703 1103 3768 videbis

204 3796 307 3884 Virgo
336 3800 421 3864 mala
445 3809 478 3865 et
504 3806 635 3885 superis
661 3799 822 3885 lacrymas
847 3809 976 3866 motura
1003 3802 1121 3866 bearis,

204 3893 254 3957 Tu
279 3903 429 3977 memori,
458 3908 493 3964 iu
519 3898 622 3964 conde
648 3905 756 3963 animo
782 3906 959 3966 certamina
985 3899 1086 3962 darae

205 3988 327 4055 lllortis
357 4001 392 4057 et
419 4000 573 4082 ingenuis
601 3996 787 4062 meditanda
811 3997 1006 4083 nepotibus,
1033 3999 1119 4058 omni

205 4086 334 4176 Sparge
360 4091 455 4156 Fides
481 4113 573 4158 aevo.
625 4095 802 4172 Credetne,
829 4085 985 4181 mongo,
1012 4092 1123 4158 futura

1091 4193 1127 4254 li
1148 4183 1165 4222 ²²³
