3082 4748
658 205 902 260 dimidrianus

233 395 295 460 llic
321 391 377 459 ille
400 399 467 474 est,
496 396 553 477 qui
579 390 757 458 foecundae
782 391 1010 478 geniminisin
1036 386 1111 456 elno

233 491 382 578 Virginis
408 489 448 554 ad
477 490 634 577 gravidae
661 511 775 556 vocem
802 487 954 552 diuinitus
980 490 1073 555 actas

234 589 366 670 Exiliit,
392 593 571 673 matrisque
597 596 724 654 uterum
750 588 917 653 concussit
942 581 1065 649 Elisae.

233 686 308 753 dam
334 692 402 750 tum
427 684 574 750 stellanti
601 685 777 750 demissum
802 699 844 744 ex
869 681 1003 746 aethere
1029 679 1239 750 (laruarum

235 782 422 849 Ostendens
449 788 565 866 terris,
588 789 625 846 ut
651 783 826 844 matutinus
852 778 893 844 ab
921 775 987 844 alio

235 881 368 946 Lucifer
393 878 562 944 Ausoniae
587 877 710 944 Veneri
738 879 947 963 gratissimus
972 880 1078 962 iguis,

235 979 427 1064 Purpureos
454 976 580 1044 Phoebi
605 971 967 1057 reducispraeuuaiiat
993 981 1095 1038 ortus.

332 1168 511 1235 Zacharias
535 1189 638 1254 puero
663 1174 812 1256 genitor,
836 1173 892 1254 qui
918 1173 1077 1256 sauguine
1102 1165 1191 1232 claro

235 1266 413 1333 Pontifices
442 1275 608 1349 numerat,
634 1287 776 1351 proavos
790 1286 978 1354 ⁴regesque.
1030 1263 1180 1352 Superbo

235 1365 300 1430 Par
326 1369 439 1450 generi
465 1370 571 1432 virtus
597 1373 630 1430 ct
648 1364 734 1429 dinis
758 1369 884 1452 gratior
910 1367 996 1429 omni

199 1545 205 1554 ¹
235 1462 347 1528 Thura
374 1460 468 1527 fides.
520 1463 637 1528 Oastas
663 1461 768 1546 sterili
786 1483 867 1548 'cum
893 1461 1036 1547 conjuge
1061 1456 1176 1524 taedas

234 1559 311 1627 Jam
336 1558 532 1644 desperatae
557 1559 733 1625 numularii
758 1578 891 1625 munere
919 1557 1024 1643 prolis

237 1656 462 1742 Omnipotens.
513 1655 661 1742 Namque
687 1663 831 1720 extremo
858 1654 919 1720 suh
945 1658 1092 1741 margine
1120 1656 1209 1719 vitae

166 1765 168 1772 ’
235 1754 468 1818 Thuricreraos
495 1775 572 1820 arae
597 1754 671 1818 dum
697 1759 760 1816 rite
785 1751 978 1818 accenderet
1002 1757 1118 1838 ignes,
1171 1789 1177 1813 u

235 1850 321 1915 Ecce
347 1851 404 1914 tibi
431 1855 595 1934 picturato
621 1850 783 1915 demissus
811 1848 949 1934 Olympo

235 1947 352 2013 Astitit
375 1953 500 2030 oranti,
528 1948 683 2034 oleraque
707 1951 739 2010 in
765 1944 838 2012 luce
863 1945 996 2012 refulsit

235 2043 396 2132 Angelus.
446 2045 588 2130 Expavit
612 2051 740 2126 senior,
767 2043 965 2130 dextraeque
991 2045 1141 2111 trementi

234 2142 347 2207 Thura
371 2163 514 2208 excussa
536 2143 663 2208 cadunt
715 2140 781 2209 Sed
807 2148 894 2208 cutm
919 2141 1155 2228 pulcherrimas
1179 2135 1253 2207 ales
1293 2175 1297 2185 ι
1322 2153 1327 2160 ’

233 2238 417 2306 Attonitum
441 2240 563 2306 mulcet
589 2240 775 2324 blandoque
798 2241 882 2304 haec
906 2259 964 2303 ore
983 2239 1140 2323 profatur.

233 2337 337 2400 Parce
364 2343 453 2401 metu
477 2335 653 2422 longisque
678 2336 808 2399 modum
829 2337 899 2418 jam
923 2353 1007 2418 pone
1033 2332 1191 2420 querelis.
1218 2412 1223 2419 ‚

235 2431 320 2496 Nam
346 2432 406 2494 tihi
426 2429 590 2517 longaevo
615 2430 776 2515 producet
801 2430 895 2495 Eliso
920 2430 1123 2515 doannem3.
1155 2463 1157 2470 ·

236 2527 324 2608 [Hoc
350 2547 466 2592 nomen
491 2527 613 2612 puero)
639 2536 674 2592 et
696 2525 794 2614 digna
819 2535 853 2592 te
879 2526 970 2610 prole
997 2535 1162 2614 parentem

235 2624 377 2690 Efficiet.
429 2621 588 2706 Superum
615 2628 922 2712 regigratissimus
948 2627 1054 2693 inians

197 2725 198 2730 ’
235 2719 430 2798 Ambrosiae
454 2740 548 2784 rores
574 2729 608 2786 et
632 2721 747 2809 largos
774 2727 914 2786 nectaris
938 2723 1062 2790 imbres

235 2816 375 2882 lmbibet
400 2826 476 2882 ante
503 2827 627 2902 ortum,
653 2828 689 2884 tu
715 2829 806 2886 tanto
831 2827 970 2908 pignore
994 2820 1076 2888 felix
1129 2861 1155 2884 1v

235 2913 380 2980 Postera
403 2917 594 2983 honoratum
619 2917 722 2982 duces
746 2923 779 2982 in
805 2918 940 2982 saeculo
966 2939 1092 2984 nomeu.

332 3109 408 3176 Non
433 3119 538 3176 tamen
566 3112 622 3175 ille
640 3111 745 3176 iidem
770 3111 867 3175 dictis
893 3111 999 3195 dedit3
1022 3111 1137 3176 eleut
1158 3114 1252 3176 inerti

237 3206 383 3295 Sanguis
409 3209 534 3272 hebens
561 3214 659 3272 senio
682 3227 721 3271 ac
746 3209 858 3272 effoeti
883 3212 1032 3292 corporis
1047 3209 1185 3272 horror.
1291 3269 1294 3274 .

332 3302 450 3369 Jamne
477 3305 555 3369 mihi
582 3309 649 3368 nati
676 3323 808 3387 nomen,
830 3301 900 3385 jam
925 3309 1030 3389 patris
1054 3306 1213 3370 honorem

237 3399 465 3466 Promissurus
493 3401 600 3465 adesi)
626 3407 680 3466 vix
707 3406 753 3478 (si
778 3400 858 3465 mihi
882 3400 1041 3487 spondeat
1064 3407 1137 3486 ipse

237 3495 451 3580 Omnipotens
480 3496 646 3578 sobolem)
671 3518 802 3583 sperem
818 3500 890 3561 hac
915 3505 1025 3564 aetate
1052 3501 1195 3584 parentis

236 3591 342 3657 Dulce
368 3592 467 3658 decus
494 3615 693 3681 parvumque
718 3601 793 3660 sinu
820 3601 955 3682 gestare
980 3593 1151 3662 «Ioannem.

236 3689 329 3754 Talia
352 3687 511 3757 dicentem
539 3699 707 3759 contracta
733 3693 839 3758 fronte
865 3713 1001 3758 severus

149 3775 162 3790 ⁸
236 3785 386 3878 Angelus
412 3793 576 3874 increpuit
600 3779 776 3875 verbisque
803 3791 885 3854 haec
910 3796 1043 3875 insuper
1069 3789 1172 3853 addit:

334 3883 516 3950 Caelituum
541 3885 725 3951 inconsulte
751 3907 854 3952 senex
880 3893 1043 3973 promissa
1066 3884 1222 3950 refellis?

236 3980 312 4046 Nou
338 3987 471 4068 impune
497 3981 603 4068 leres3
630 3982 762 4072 liuguae
788 3983 848 4048 tihi
872 4005 989 4050 munus
1014 3982 1200 4067 ademptum

236 4075 404 4145 Moerebis
429 4084 568 4167 tacitum
593 4099 656 4164 nco
677 4079 786 4170 longa,
801 4079 932 4150 silentia
956 4079 1063 4148 solvet
