<?xml version="1.0" encoding="UTF-8"?>
<!DOCTYPE html PUBLIC "-//W3C//DTD XHTML 1.0 Transitional//EN"
    "http://www.w3.org/TR/xhtml1/DTD/xhtml1-transitional.dtd">
<html xmlns="http://www.w3.org/1999/xhtml" xml:lang="en" lang="en">
 <head>
  <title>
</title>
<meta http-equiv="Content-Type" content="text/html;charset=utf-8" />
  <meta name='ocr-system' content='tesseract 3.04.00' />
  <meta name='ocr-capabilities' content='ocr_page ocr_carea ocr_par ocr_line ocrx_word'/>
</head>
<body>
  <div class='ocr_page' id='page_1' title='image "./christiadoslibr00waltgoog_0024.png"; bbox 0 0 3076 4744; ppageno 0'>
   <div class='ocr_carea' id='block_1_1' title="bbox 448 1345 1001 1466">
    <p class='ocr_par' dir='ltr' id='par_1_1' title="bbox 430 1267 1001 1466">
     <span class='ocr_line' id='line_1_1' title="bbox 448 1345 1001 1466; baseline -0.007 -0.126"><span class='ocrx_word' id='word_1_1' title='bbox 448 1349 663 1466; x_wconf 80' lang='lat' dir='ltr'><strong>cinon</strong></span> <span class='ocrx_word' id='word_1_2' title='bbox 712 1345 1001 1466; x_wconf 80' lang='lat' dir='ltr'><strong>ruinas</strong></span> 
     </span>
    </p>
   </div>
   <div class='ocr_carea' id='block_1_2' title="bbox 125 1897 1294 3256">
    <p class='ocr_par' dir='ltr' id='par_1_2' title="bbox 170 1897 1294 2670">
     <span class='ocr_line' id='line_1_2' title="bbox 273 1897 1173 1999; baseline 0.002 -23"><span class='ocrx_word' id='word_1_3' title='bbox 273 1897 356 1984; x_wconf 82' lang='lat' dir='ltr'><strong>Bis</strong></span> <span class='ocrx_word' id='word_1_4' title='bbox 383 1915 529 1998; x_wconf 85' lang='lat' dir='ltr'><strong>genitum</strong></span> <span class='ocrx_word' id='word_1_5' title='bbox 553 1901 645 1975; x_wconf 78' lang='lat' dir='ltr'><strong>Caeli</strong></span> <span class='ocrx_word' id='word_1_6' title='bbox 671 1931 801 1999; x_wconf 84' lang='lat' dir='ltr'><strong>regem,</strong></span> <span class='ocrx_word' id='word_1_7' title='bbox 825 1909 882 1998; x_wconf 84' lang='lat' dir='ltr'><strong>qui</strong></span> <span class='ocrx_word' id='word_1_8' title='bbox 907 1917 1010 1979; x_wconf 85' lang='lat' dir='ltr'><strong>morie</strong></span> <span class='ocrx_word' id='word_1_9' title='bbox 1037 1911 1173 1997; x_wconf 84' lang='lat' dir='ltr'><strong>perenni</strong></span> 
     </span>
     <span class='ocr_line' id='line_1_3' title="bbox 173 2003 1018 2094; baseline 0.003 -23"><span class='ocrx_word' id='word_1_10' title='bbox 173 2003 375 2086; x_wconf 85' lang='lat' dir='ltr'><strong>Damnatos,</strong></span> <span class='ocrx_word' id='word_1_11' title='bbox 400 2027 501 2072; x_wconf 85' lang='lat' dir='ltr'><strong>roseo</strong></span> <span class='ocrx_word' id='word_1_12' title='bbox 528 2006 627 2072; x_wconf 89' lang='lat' dir='ltr'><strong>divini</strong></span> <span class='ocrx_word' id='word_1_13' title='bbox 651 2012 824 2094; x_wconf 77' lang='lat' dir='ltr'>sanguinis</span> <span class='ocrx_word' id='word_1_14' title='bbox 847 2007 969 2089; x_wconf 80' lang='lat' dir='ltr'><strong>imbre,</strong></span> <span class='ocrx_word' id='word_1_15' title='bbox 1015 2065 1018 2073; x_wconf 24' lang='grc' dir='ltr'><strong><em>Δ</em></strong></span> 
     </span>
     <span class='ocr_line' id='line_1_4' title="bbox 173 2101 1025 2187; baseline 0.001 -22"><span class='ocrx_word' id='word_1_16' title='bbox 173 2103 253 2166; x_wconf 88' lang='lat' dir='ltr'><strong>Dite</strong></span> <span class='ocrx_word' id='word_1_17' title='bbox 280 2101 501 2187; x_wconf 89' lang='lat' dir='ltr'><strong>triumphato,</strong></span> <span class='ocrx_word' id='word_1_18' title='bbox 528 2101 695 2166; x_wconf 76' lang='lat' dir='ltr'><strong>tenebrosi</strong></span> <span class='ocrx_word' id='word_1_19' title='bbox 723 2124 741 2166; x_wconf 94' lang='lat' dir='ltr'><strong>e</strong></span> <span class='ocrx_word' id='word_1_20' title='bbox 768 2103 919 2172; x_wconf 82' lang='lat' dir='ltr'><strong>saucibus</strong></span> <span class='ocrx_word' id='word_1_21' title='bbox 946 2102 1025 2166; x_wconf 81' lang='lat' dir='ltr'><strong>Orci</strong></span> 
     </span>
     <span class='ocr_line' id='line_1_5' title="bbox 171 2191 1235 2282; baseline 0.001 -21"><span class='ocrx_word' id='word_1_22' title='bbox 171 2191 288 2262; x_wconf 83' lang='lat' dir='ltr'><strong>Eruit:</strong></span> <span class='ocrx_word' id='word_1_23' title='bbox 316 2204 350 2261; x_wconf 89' lang='lat' dir='ltr'><strong>et</strong></span> <span class='ocrx_word' id='word_1_24' title='bbox 376 2195 539 2261; x_wconf 87' lang='lat' dir='ltr'><strong>scelerum</strong></span> <span class='ocrx_word' id='word_1_25' title='bbox 566 2216 686 2279; x_wconf 84' lang='lat' dir='ltr'><strong>puros,</strong></span> <span class='ocrx_word' id='word_1_26' title='bbox 714 2201 867 2280; x_wconf 87' lang='lat' dir='ltr'><strong>vitaeque</strong></span> <span class='ocrx_word' id='word_1_27' title='bbox 892 2217 1030 2282; x_wconf 81' lang='lat' dir='ltr'><strong>capaces</strong></span> <span class='ocrx_word' id='word_1_28' title='bbox 1230 2248 1235 2262; x_wconf 88' lang='lat'><strong>.</strong></span> 
     </span>
     <span class='ocr_line' id='line_1_6' title="bbox 170 2293 1294 2380; baseline -0.002 -20"><span class='ocrx_word' id='word_1_29' title='bbox 170 2293 325 2361; x_wconf 80' lang='lat' dir='ltr'><strong>Reddidit</strong></span> <span class='ocrx_word' id='word_1_30' title='bbox 346 2301 516 2371; x_wconf 78' lang='lat' dir='ltr'><strong>aeternae:</strong></span> <span class='ocrx_word' id='word_1_31' title='bbox 544 2311 670 2378; x_wconf 86' lang='lat' dir='ltr'><strong>suaque</strong></span> <span class='ocrx_word' id='word_1_32' title='bbox 695 2297 767 2378; x_wconf 88' lang='lat' dir='ltr'><strong>ipse</strong></span> <span class='ocrx_word' id='word_1_33' title='bbox 793 2299 825 2357; x_wconf 92' lang='lat' dir='ltr'><strong>in</strong></span> <span class='ocrx_word' id='word_1_34' title='bbox 853 2311 958 2380; x_wconf 87' lang='lat' dir='ltr'><strong>regna</strong></span> <span class='ocrx_word' id='word_1_35' title='bbox 983 2297 1128 2362; x_wconf 72' lang='lat' dir='ltr'><strong>vorante</strong></span> <span class='ocrx_word' id='word_1_36' title='bbox 1289 2336 1294 2346; x_wconf 46' lang='grc' dir='ltr'>ι</span> 
     </span>
     <span class='ocr_line' id='line_1_7' title="bbox 171 2388 1208 2478; baseline 0.001 -21"><span class='ocrx_word' id='word_1_37' title='bbox 171 2392 264 2470; x_wconf 76' lang='lat' dir='ltr'><strong>(ilua</strong></span> <span class='ocrx_word' id='word_1_38' title='bbox 283 2391 378 2456; x_wconf 88' lang='lat' dir='ltr'><strong>datur</strong></span> <span class='ocrx_word' id='word_1_39' title='bbox 402 2394 468 2467; x_wconf 83' lang='lat' dir='ltr'><strong>ire]</strong></span> <span class='ocrx_word' id='word_1_40' title='bbox 495 2409 587 2454; x_wconf 86' lang='lat' dir='ltr'><strong>cano.</strong></span> <span class='ocrx_word' id='word_1_41' title='bbox 641 2388 868 2475; x_wconf 82' lang='lat' dir='ltr'><strong>Nequeenim</strong></span> <span class='ocrx_word' id='word_1_42' title='bbox 895 2389 1060 2458; x_wconf 84' lang='lat' dir='ltr'><strong>Caelestia</strong></span> <span class='ocrx_word' id='word_1_43' title='bbox 1084 2411 1208 2478; x_wconf 81' lang='lat' dir='ltr'><strong>proras</strong></span> 
     </span>
     <span class='ocr_line' id='line_1_8' title="bbox 170 2486 1025 2572; baseline -0.001 -19"><span class='ocrx_word' id='word_1_44' title='bbox 170 2488 206 2553; x_wconf 97' lang='lat' dir='ltr'><strong>ln</strong></span> <span class='ocrx_word' id='word_1_45' title='bbox 233 2497 352 2554; x_wconf 86' lang='lat' dir='ltr'><strong>terram</strong></span> <span class='ocrx_word' id='word_1_46' title='bbox 380 2497 523 2567; x_wconf 84' lang='lat' dir='ltr'><strong>mentes,</strong></span> <span class='ocrx_word' id='word_1_47' title='bbox 550 2506 714 2572; x_wconf 85' lang='lat' dir='ltr'><strong>caecaque</strong></span> <span class='ocrx_word' id='word_1_48' title='bbox 740 2486 890 2572; x_wconf 90' lang='lat' dir='ltr'><strong>cupidine</strong></span> <span class='ocrx_word' id='word_1_49' title='bbox 918 2495 1025 2552; x_wconf 82' lang='lat' dir='ltr'><strong>tactas</strong></span> 
     </span>
     <span class='ocr_line' id='line_1_9' title="bbox 173 2583 1022 2670; baseline 0 -20"><span class='ocrx_word' id='word_1_50' title='bbox 173 2585 384 2652; x_wconf 81' lang='lat' dir='ltr'><strong>Sacramenta</strong></span> <span class='ocrx_word' id='word_1_51' title='bbox 409 2583 522 2651; x_wconf 87' lang='lat' dir='ltr'><strong>humili</strong></span> <span class='ocrx_word' id='word_1_52' title='bbox 548 2583 600 2650; x_wconf 83' lang='lat' dir='ltr'><strong>fas</strong></span> <span class='ocrx_word' id='word_1_53' title='bbox 626 2593 678 2648; x_wconf 90' lang='lat' dir='ltr'><strong>cst</strong></span> <span class='ocrx_word' id='word_1_54' title='bbox 703 2593 876 2670; x_wconf 86' lang='lat' dir='ltr'><strong>penetrare</strong></span> <span class='ocrx_word' id='word_1_55' title='bbox 900 2584 1022 2650; x_wconf 90' lang='lat' dir='ltr'><strong>volatu.</strong></span> 
     </span>
    </p>

    <p class='ocr_par' dir='ltr' id='par_1_3' title="bbox 125 2681 1194 2958">
     <span class='ocr_line' id='line_1_10' title="bbox 125 2681 1047 2772; baseline -0.001 -25"><span class='ocrx_word' id='word_1_56' title='bbox 125 2767 128 2772; x_wconf 24' lang='grc' dir='ltr'>Ι</span> <span class='ocrx_word' id='word_1_57' title='bbox 170 2683 244 2748; x_wconf 89' lang='lat' dir='ltr'><strong>Nec</strong></span> <span class='ocrx_word' id='word_1_58' title='bbox 269 2688 421 2769; x_wconf 88' lang='lat' dir='ltr'><strong>petimus.</strong></span> <span class='ocrx_word' id='word_1_59' title='bbox 473 2682 605 2748; x_wconf 88' lang='lat' dir='ltr'><strong>Certent</strong></span> <span class='ocrx_word' id='word_1_60' title='bbox 628 2681 694 2762; x_wconf 88' lang='lat' dir='ltr'><strong>illi,</strong></span> <span class='ocrx_word' id='word_1_61' title='bbox 720 2704 804 2767; x_wconf 88' lang='lat' dir='ltr'><strong>quos</strong></span> <span class='ocrx_word' id='word_1_62' title='bbox 831 2688 942 2767; x_wconf 90' lang='lat' dir='ltr'><strong>purior</strong></span> <span class='ocrx_word' id='word_1_63' title='bbox 967 2702 1047 2751; x_wconf 91' lang='lat' dir='ltr'><strong>aura</strong></span> 
     </span>
     <span class='ocr_line' id='line_1_11' title="bbox 171 2777 1194 2867; baseline 0 -24"><span class='ocrx_word' id='word_1_64' title='bbox 171 2777 347 2862; x_wconf 79' lang='lat' dir='ltr'><strong>Aetheris,</strong></span> <span class='ocrx_word' id='word_1_65' title='bbox 376 2783 537 2861; x_wconf 80' lang='lat' dir='ltr'><strong>inspirans</strong></span> <span class='ocrx_word' id='word_1_66' title='bbox 565 2786 788 2862; x_wconf 85' lang='lat' dir='ltr'><strong>mentemque,</strong></span> <span class='ocrx_word' id='word_1_67' title='bbox 816 2784 1023 2866; x_wconf 88' lang='lat' dir='ltr'><strong>animumque</strong></span> <span class='ocrx_word' id='word_1_68' title='bbox 1050 2799 1194 2867; x_wconf 82' lang='lat' dir='ltr'><strong>superno</strong></span> 
     </span>
     <span class='ocr_line' id='line_1_12' title="bbox 171 2873 923 2958; baseline -0.004 -15"><span class='ocrx_word' id='word_1_69' title='bbox 171 2876 291 2943; x_wconf 84' lang='lat' dir='ltr'><strong>lmlruit</strong></span> <span class='ocrx_word' id='word_1_70' title='bbox 316 2873 446 2940; x_wconf 85' lang='lat' dir='ltr'><strong>afflatu:</strong></span> <span class='ocrx_word' id='word_1_71' title='bbox 475 2873 609 2958; x_wconf 85' lang='lat' dir='ltr'><strong>fidoque¹</strong></span> <span class='ocrx_word' id='word_1_72' title='bbox 633 2879 742 2938; x_wconf 85' lang='lat' dir='ltr'><strong>evexit</strong></span> <span class='ocrx_word' id='word_1_73' title='bbox 765 2879 794 2938; x_wconf 91' lang='lat' dir='ltr'><strong>in</strong></span> <span class='ocrx_word' id='word_1_74' title='bbox 822 2873 923 2940; x_wconf 89' lang='lat' dir='ltr'><strong>altum</strong></span> 
     </span>
    </p>

    <p class='ocr_par' dir='ltr' id='par_1_4' title="bbox 170 2968 1177 3256">
     <span class='ocr_line' id='line_1_13' title="bbox 170 2968 1177 3060; baseline -0.002 -20"><span class='ocrx_word' id='word_1_75' title='bbox 170 2973 322 3060; x_wconf 80' lang='lat' dir='ltr'><strong>Remigio</strong></span> <span class='ocrx_word' id='word_1_76' title='bbox 350 2970 486 3040; x_wconf 85' lang='lat' dir='ltr'><strong>alarum.</strong></span> <span class='ocrx_word' id='word_1_77' title='bbox 538 2971 739 3057; x_wconf 68' lang='lat' dir='ltr'><strong>(diramquam</strong></span> <span class='ocrx_word' id='word_1_78' title='bbox 766 2972 803 3036; x_wconf 88' lang='lat' dir='ltr'><strong>o!</strong></span> <span class='ocrx_word' id='word_1_79' title='bbox 833 2975 862 3038; x_wconf 86' lang='lat' dir='ltr'><strong>si</strong></span> <span class='ocrx_word' id='word_1_80' title='bbox 888 2968 1020 3036; x_wconf 86' lang='lat' dir='ltr'><strong>vincola</strong></span> <span class='ocrx_word' id='word_1_81' title='bbox 1046 2972 1177 3040; x_wconf 83' lang='lat' dir='ltr'><strong>solvant</strong></span> 
     </span>
     <span class='ocr_line' id='line_1_14' title="bbox 171 3068 1113 3155; baseline -0.003 -19"><span class='ocrx_word' id='word_1_82' title='bbox 171 3068 359 3137; x_wconf 84' lang='lat' dir='ltr'><strong>Caelicolae</strong></span> <span class='ocrx_word' id='word_1_83' title='bbox 385 3069 520 3152; x_wconf 84' lang='lat' dir='ltr'><strong>faciles,</strong></span> <span class='ocrx_word' id='word_1_84' title='bbox 546 3078 646 3155; x_wconf 86' lang='lat' dir='ltr'><strong>atquc</strong></span> <span class='ocrx_word' id='word_1_85' title='bbox 671 3069 753 3132; x_wconf 85' lang='lat' dir='ltr'><strong>haec</strong></span> <span class='ocrx_word' id='word_1_86' title='bbox 778 3075 809 3133; x_wconf 93' lang='lat' dir='ltr'><strong>in</strong></span> <span class='ocrx_word' id='word_1_87' title='bbox 837 3072 981 3135; x_wconf 83' lang='lat' dir='ltr'><strong>carmina</strong></span> <span class='ocrx_word' id='word_1_88' title='bbox 1006 3074 1113 3134; x_wconf 78' lang='lat' dir='ltr'><strong>vatem</strong></span> 
     </span>
     <span class='ocr_line' id='line_1_15' title="bbox 170 3164 1044 3256; baseline -0.007 -22"><span class='ocrx_word' id='word_1_89' title='bbox 170 3167 252 3256; x_wconf 82' lang='lat' dir='ltr'><strong>Igne</strong></span> <span class='ocrx_word' id='word_1_90' title='bbox 278 3190 360 3250; x_wconf 88' lang='lat' dir='ltr'><strong>suo,</strong></span> <span class='ocrx_word' id='word_1_91' title='bbox 387 3169 585 3254; x_wconf 83' lang='lat' dir='ltr'><strong>paribusque</strong></span> <span class='ocrx_word' id='word_1_92' title='bbox 611 3166 712 3232; x_wconf 88' lang='lat' dir='ltr'><strong>velint</strong></span> <span class='ocrx_word' id='word_1_93' title='bbox 736 3164 890 3232; x_wconf 81' lang='lat' dir='ltr'><strong>attollere</strong></span> <span class='ocrx_word' id='word_1_94' title='bbox 912 3165 1044 3249; x_wconf 88' lang='lat' dir='ltr'><strong>pennis!</strong></span> 
     </span>
    </p>
   </div>
   <div class='ocr_carea' id='block_1_3' title="bbox 170 3358 1190 4124">
    <p class='ocr_par' dir='ltr' id='par_1_5' title="bbox 170 3358 1194 4124">
     <span class='ocr_line' id='line_1_16' title="bbox 269 3358 1190 3448; baseline -0.002 -22"><span class='ocrx_word' id='word_1_95' title='bbox 269 3360 298 3426; x_wconf 92' lang='lat'>0</span> <span class='ocrx_word' id='word_1_96' title='bbox 326 3360 417 3426; x_wconf 77' lang='lat' dir='ltr'><strong>Finis</strong></span> <span class='ocrx_word' id='word_1_97' title='bbox 442 3365 512 3426; x_wconf 89' lang='lat' dir='ltr'><strong>sine</strong></span> <span class='ocrx_word' id='word_1_98' title='bbox 538 3360 602 3426; x_wconf 85' lang='lat' dir='ltr'><strong>fine</strong></span> <span class='ocrx_word' id='word_1_99' title='bbox 630 3360 781 3426; x_wconf 88' lang='lat' dir='ltr'><strong>maneus!</strong></span> <span class='ocrx_word' id='word_1_100' title='bbox 809 3363 882 3424; x_wconf 89' lang='lat' dir='ltr'><strong>sine</strong></span> <span class='ocrx_word' id='word_1_101' title='bbox 910 3360 1040 3446; x_wconf 83' lang='lat' dir='ltr'><strong>origine</strong></span> <span class='ocrx_word' id='word_1_102' title='bbox 1068 3358 1190 3448; x_wconf 77' lang='lat' dir='ltr'><strong>Origo!</strong></span> 
     </span>
     <span class='ocr_line' id='line_1_17' title="bbox 172 3455 939 3543; baseline -0.004 -19"><span class='ocrx_word' id='word_1_103' title='bbox 172 3455 273 3543; x_wconf 80' lang='lat' dir='ltr'><strong>Cujus</strong></span> <span class='ocrx_word' id='word_1_104' title='bbox 300 3459 341 3522; x_wconf 84' lang='lat' dir='ltr'><strong>alr</strong></span> <span class='ocrx_word' id='word_1_105' title='bbox 366 3456 491 3523; x_wconf 85' lang='lat' dir='ltr'><strong>Artifici</strong></span> <span class='ocrx_word' id='word_1_106' title='bbox 517 3457 682 3524; x_wconf 85' lang='lat' dir='ltr'><strong>fluxerunt</strong></span> <span class='ocrx_word' id='word_1_107' title='bbox 708 3461 816 3522; x_wconf 87' lang='lat' dir='ltr'><strong>omnia</strong></span> <span class='ocrx_word' id='word_1_108' title='bbox 843 3465 939 3540; x_wconf 82' lang='lat' dir='ltr'><strong>nutu3</strong></span> 
     </span>
     <span class='ocr_line' id='line_1_18' title="bbox 171 3552 1153 3637; baseline 0.001 -17"><span class='ocrx_word' id='word_1_109' title='bbox 171 3556 265 3620; x_wconf 78' lang='lat' dir='ltr'><strong>(luae</strong></span> <span class='ocrx_word' id='word_1_110' title='bbox 290 3575 379 3620; x_wconf 86' lang='lat' dir='ltr'><strong>mare</strong></span> <span class='ocrx_word' id='word_1_111' title='bbox 403 3554 554 3622; x_wconf 80' lang='lat' dir='ltr'><strong>velivolis</strong></span> <span class='ocrx_word' id='word_1_112' title='bbox 578 3561 609 3620; x_wconf 90' lang='lat' dir='ltr'><strong>in</strong></span> <span class='ocrx_word' id='word_1_113' title='bbox 633 3553 806 3637; x_wconf 79' lang='lat' dir='ltr'><strong>fluctibus,</strong></span> <span class='ocrx_word' id='word_1_114' title='bbox 834 3554 971 3618; x_wconf 85' lang='lat' dir='ltr'><strong>orbibus</strong></span> <span class='ocrx_word' id='word_1_115' title='bbox 996 3552 1153 3634; x_wconf 79' lang='lat' dir='ltr'><strong>aether„</strong></span> 
     </span>
     <span class='ocr_line' id='line_1_19' title="bbox 172 3650 1181 3738; baseline 0.003 -21"><span class='ocrx_word' id='word_1_116' title='bbox 172 3653 267 3717; x_wconf 78' lang='lat' dir='ltr'><strong>(luae</strong></span> <span class='ocrx_word' id='word_1_117' title='bbox 290 3657 417 3738; x_wconf 88' lang='lat' dir='ltr'><strong>gremio</strong></span> <span class='ocrx_word' id='word_1_118' title='bbox 444 3651 563 3733; x_wconf 87' lang='lat' dir='ltr'><strong>tellus,</strong></span> <span class='ocrx_word' id='word_1_119' title='bbox 590 3659 697 3738; x_wconf 77' lang='lat' dir='ltr'><strong>spatio</strong></span> <span class='ocrx_word' id='word_1_120' title='bbox 725 3650 950 3736; x_wconf 74' lang='lat' dir='ltr'><strong>complectitur</strong></span> <span class='ocrx_word' id='word_1_121' title='bbox 976 3655 1051 3731; x_wconf 75' lang='lat' dir='ltr'><strong>adr,</strong></span> <span class='ocrx_word' id='word_1_122' title='bbox 1102 3667 1181 3728; x_wconf 40' lang='lat' dir='ltr'><strong>{nrm</strong></span> 
     </span>
     <span class='ocr_line' id='line_1_20' title="bbox 171 3745 1104 3836; baseline -0.003 -21"><span class='ocrx_word' id='word_1_123' title='bbox 171 3745 293 3835; x_wconf 81' lang='lat' dir='ltr'><strong>Aspice</strong></span> <span class='ocrx_word' id='word_1_124' title='bbox 318 3769 390 3834; x_wconf 78' lang='lat' dir='ltr'><strong>me3</strong></span> <span class='ocrx_word' id='word_1_125' title='bbox 419 3757 454 3816; x_wconf 88' lang='lat' dir='ltr'><strong>et</strong></span> <span class='ocrx_word' id='word_1_126' title='bbox 475 3755 583 3816; x_wconf 83' lang='lat' dir='ltr'><strong>ventis</strong></span> <span class='ocrx_word' id='word_1_127' title='bbox 610 3748 708 3836; x_wconf 90' lang='lat' dir='ltr'><strong>imple</strong></span> <span class='ocrx_word' id='word_1_128' title='bbox 734 3747 811 3812; x_wconf 83' lang='lat' dir='ltr'><strong>data</strong></span> <span class='ocrx_word' id='word_1_129' title='bbox 832 3747 908 3814; x_wconf 89' lang='lat' dir='ltr'><strong>vela</strong></span> <span class='ocrx_word' id='word_1_130' title='bbox 932 3747 1104 3826; x_wconf 72' lang='lat' dir='ltr'><strong>secundis5</strong></span> 
     </span>
     <span class='ocr_line' id='line_1_21' title="bbox 172 3845 1188 3932; baseline -0.002 -22"><span class='ocrx_word' id='word_1_131' title='bbox 172 3845 209 3910; x_wconf 91' lang='lat' dir='ltr'><strong>Si</strong></span> <span class='ocrx_word' id='word_1_132' title='bbox 235 3867 307 3912; x_wconf 88' lang='lat' dir='ltr'><strong>mea</strong></span> <span class='ocrx_word' id='word_1_133' title='bbox 335 3853 368 3911; x_wconf 86' lang='lat' dir='ltr'><strong>te</strong></span> <span class='ocrx_word' id='word_1_134' title='bbox 392 3851 511 3931; x_wconf 92' lang='lat' dir='ltr'><strong>puppis</strong></span> <span class='ocrx_word' id='word_1_135' title='bbox 538 3851 626 3912; x_wconf 84' lang='lat' dir='ltr'><strong>vasti</strong></span> <span class='ocrx_word' id='word_1_136' title='bbox 649 3867 708 3932; x_wconf 89' lang='lat' dir='ltr'><strong>per</strong></span> <span class='ocrx_word' id='word_1_137' title='bbox 734 3845 868 3912; x_wconf 86' lang='lat' dir='ltr'><strong>caerula</strong></span> <span class='ocrx_word' id='word_1_138' title='bbox 890 3850 980 3930; x_wconf 89' lang='lat' dir='ltr'><strong>ponti</strong></span> <span class='ocrx_word' id='word_1_139' title='bbox 1063 3859 1156 3922; x_wconf 43' lang='lat'><strong>[2224</strong></span> <span class='ocrx_word' id='word_1_140' title='bbox 1185 3879 1188 3888; x_wconf 94' lang='lat'><em>·</em></span> 
     </span>
     <span class='ocr_line' id='line_1_22' title="bbox 170 3940 1182 4036; baseline 0.002 -30"><span class='ocrx_word' id='word_1_141' title='bbox 170 3941 338 4010; x_wconf 87' lang='lat' dir='ltr'><strong>lnsuctum</strong></span> <span class='ocrx_word' id='word_1_142' title='bbox 363 3945 455 4010; x_wconf 90' lang='lat' dir='ltr'><strong>Duce</strong></span> <span class='ocrx_word' id='word_1_143' title='bbox 481 3951 584 4008; x_wconf 83' lang='lat' dir='ltr'><strong>tentat</strong></span> <span class='ocrx_word' id='word_1_144' title='bbox 609 3950 692 4010; x_wconf 86' lang='lat' dir='ltr'><strong>iter:</strong></span> <span class='ocrx_word' id='word_1_145' title='bbox 721 3940 896 4029; x_wconf 87' lang='lat' dir='ltr'><strong>nullusque</strong></span> <span class='ocrx_word' id='word_1_146' title='bbox 923 3943 1053 4029; x_wconf 84' lang='lat' dir='ltr'><strong>fugacis</strong></span> <span class='ocrx_word' id='word_1_147' title='bbox 1070 3960 1071 3964; x_wconf 70' lang='grc'>’</span> <span class='ocrx_word' id='word_1_148' title='bbox 1086 3975 1182 4036; x_wconf 48' lang='lat'><strong>3³32.</strong></span> 
     </span>
     <span class='ocr_line' id='line_1_23' title="bbox 171 4029 1172 4124; baseline -0.004 -20"><span class='ocrx_word' id='word_1_149' title='bbox 171 4039 294 4104; x_wconf 86' lang='lat' dir='ltr'><strong>Laudis</strong></span> <span class='ocrx_word' id='word_1_150' title='bbox 320 4062 411 4106; x_wconf 88' lang='lat' dir='ltr'><strong>amor</strong></span> <span class='ocrx_word' id='word_1_151' title='bbox 438 4041 689 4109; x_wconf 78' lang='lat' dir='ltr'><strong>divinanarum</strong></span> <span class='ocrx_word' id='word_1_152' title='bbox 718 4045 750 4104; x_wconf 93' lang='lat' dir='ltr'><strong>in</strong></span> <span class='ocrx_word' id='word_1_153' title='bbox 776 4038 937 4124; x_wconf 87' lang='lat' dir='ltr'><strong>Mystcria</strong></span> <span class='ocrx_word' id='word_1_154' title='bbox 962 4049 1070 4104; x_wconf 83' lang='lat' dir='ltr'><strong>vatem</strong></span> <span class='ocrx_word' id='word_1_155' title='bbox 1089 4029 1119 4112; x_wconf 53' lang='lat'><strong>33</strong></span> <span class='ocrx_word' id='word_1_156' title='bbox 1168 4055 1172 4064; x_wconf 84' lang='lat'><strong>·</strong></span> 
     </span>
    </p>
   </div>
   <div class='ocr_carea' id='block_1_4' title="bbox 171 4135 1259 4294">
    <p class='ocr_par' dir='ltr' id='par_1_6' title="bbox 171 4135 1259 4294">
     <span class='ocr_line' id='line_1_24' title="bbox 171 4135 1259 4294; baseline 0.006 -93"><span class='ocrx_word' id='word_1_157' title='bbox 171 4135 354 4202; x_wconf 78' lang='lat' dir='ltr'><strong>Officiosus</strong></span> <span class='ocrx_word' id='word_1_158' title='bbox 376 4143 464 4225; x_wconf 85' lang='lat' dir='ltr'><strong>agit,</strong></span> <span class='ocrx_word' id='word_1_159' title='bbox 489 4137 673 4226; x_wconf 87' lang='lat' dir='ltr'><strong>blandoque</strong></span> <span class='ocrx_word' id='word_1_160' title='bbox 698 4158 812 4206; x_wconf 88' lang='lat' dir='ltr'><strong>errore</strong></span> <span class='ocrx_word' id='word_1_161' title='bbox 836 4135 966 4222; x_wconf 78' lang='lat' dir='ltr'><strong>tangat.</strong></span> <span class='ocrx_word' id='word_1_162' title='bbox 1042 4200 1054 4208; x_wconf 61' lang='lat'><em>„</em></span> <span class='ocrx_word' id='word_1_163' title='bbox 1072 4173 1101 4204; x_wconf 79' lang='lat'><strong>.›</strong></span> <span class='ocrx_word' id='word_1_164' title='bbox 1125 4153 1169 4294; x_wconf 52' lang='lat' dir='ltr'><strong>l&lt;</strong></span> <span class='ocrx_word' id='word_1_165' title='bbox 1257 4177 1259 4184; x_wconf 95' lang='lat'>·</span> 
     </span>
    </p>
   </div>
   <div class='ocr_carea' id='block_1_5' title="bbox 0 0 1542 4744">
    <p class='ocr_par' dir='ltr' id='par_1_7' title="bbox 0 0 1542 4744">
     <span class='ocr_line' id='line_1_25' title="bbox 0 0 1542 4744; baseline 0 1"><span class='ocrx_word' id='word_1_166' title='bbox 0 0 1542 4744; x_wconf 95' lang='lat' dir='ltr'><strong> </strong></span> 
     </span>
    </p>
   </div>
  </div>
 </body>
</html>
