3056 4758
121 215 219 264 re—or
657 209 764 262 LIBER
789 209 858 261 xri.

207 394 342 476 Audivi,
370 413 455 479 quos
481 393 595 459 ferulis
620 393 809 466 miserabile
834 399 938 458 trunci

206 493 410 581 Supplicium
436 491 642 577 scelerisque
668 495 729 554 mei
757 491 877 576 pudor,
903 496 1014 555 intima
1033 496 1155 555 tamaris

206 592 345 658 Viscera
370 591 552 676 depascens
577 588 751 673 lacrymis,
777 598 940 674 noctuque
965 589 1104 673 diuque,
1193 649 1202 660 ,

205 688 373 754 Intulerat.
425 688 497 752 Nec
521 708 605 752 varra
631 685 748 751 oculos
774 687 895 752 delusit
921 693 1049 774 imago,

204 788 279 874 lpse
308 786 389 870 fuit3
412 791 516 870 spinis
543 784 696 869 perfossa
721 785 916 850 rubentibus
942 807 1002 849 ora
1065 809 1069 818 ⁴

206 887 405 968 Divisnequc
433 893 546 948 rrranus
572 891 606 946 ct
631 889 776 965 apertum
803 881 939 968 cuspide
965 889 1081 965 peetus

204 983 383 1048 Extorscre
409 981 518 1045 fidem.
568 980 640 1045 Nec
666 978 728 1043 soli
755 985 884 1067 virgine
911 987 1032 1062 inatre,
1094 1029 1096 1036 ,

204 1082 302 1145 Patre
331 1078 562 1165 Deo-genitus
588 1078 665 1147 mibi
691 1097 729 1142 se
757 1088 834 1163 post
858 1077 956 1142 funus
984 1076 1136 1152 acerbum

203 1176 332 1242 Obtulit
359 1177 516 1240 aetherea
540 1174 755 1259 spectandum
779 1179 810 1238 in
839 1174 913 1239 luce
938 1173 1118 1260 refulgens

203 1272 432 1361 Magdalisut
453 1273 571 1337 sileam
597 1283 880 1356 matronarumque
906 1278 1031 1358 piarum

203 1373 328 1436 Gaudia
356 1371 396 1432 ab
424 1377 560 1455 aspectu
587 1371 718 1436 reducis
745 1380 821 1452 pest
846 1370 964 1434 funera
988 1369 1169 1451 CHRISTI,

203 1470 272 1534 llos
298 1474 412 1549 etiam,
441 1469 500 1533 hos
528 1468 651 1535 clausis
677 1468 804 1532 foribus
829 1467 940 1532 videre
966 1475 1102 1550 penates

200 1566 376 1631 latrantem
404 1571 558 1650 comites,
585 1566 659 1630 dum
685 1570 800 1630 stratis
826 1564 953 1630 fercula
981 1568 1102 1628 mensis

201 1664 356 1747 lmposita
380 1671 415 1726 et
441 1668 563 1746 primae
583 1663 727 1726 libamus
754 1685 886 1738 meruero
913 1682 1044 1728 coenae.

201 1761 290 1849 Ergo
317 1769 404 1824 metu
430 1761 547 1844 trepidi
577 1767 816 1848 consurgimus.
868 1761 1105 1844 llle·pavorem

201 1859 378 1944 Temperat
401 1857 557 1943 alloquiis
582 1857 770 1944 hilaresque
797 1859 995 1925 recumbere.
1013 1861 1121 1944 cogit,

201 1955 245 2021 Se
272 1955 445 2019 confessus
472 1955 624 2020 adosse.¹
655 1954 774 2042 Aperit
797 1954 941 2020 lucentia
966 1955 1109 2019 membra

201 2052 410 2136 Vulneraque
436 2053 510 2133 illa,
536 2071 636 2139 super
661 2053 734 2118 diro
760 2073 845 2136 quae
870 2058 982 2136 stipite
1008 2052 1157 2137 pendens
1210 2101 1213 2111 .
1263 2103 1265 2111 .

196 2141 356 2234 'Accepit,
383 2149 539 2214 tentanda
563 2171 657 2214 mauu
684 2150 949 2234 explorandaque
976 2154 1103 2214 cunctis

200 2247 377 2329 Admovet,
405 2255 440 2310 et
464 2253 555 2312 tenui
581 2249 748 2313 rrobiseum
776 2248 969 2312 occumbere
995 2267 1129 2310 mensae

200 2345 364 2433 Dignatus
389 2349 560 2429 sacrisque
587 2351 714 2420 animos
740 2345 869 2408 firmare
895 2343 1055 2430 loquelis,

166 2446 174 2461 '
200 2442 244 2506 Se
273 2441 404 2529 liquidis
430 2463 559 2508 rursum
585 2443 771 2508 abscedens
796 2447 972 2507 immiscuit
997 2446 1097 2506 auris.

299 2634 355 2699 Sic
382 2637 512 2702 Petrus.
562 2639 663 2702 Petro
689 2638 830 2721 Alphaei
855 2643 1064 2702 sanctissima
1088 2635 1199 2721 proles

201 2733 342 2818 Subjicit
368 2734 461 2797 haec.
515 2734 615 2816 Vera,
642 2756 662 2796 e
690 2741 846 2815 comites,
873 2754 952 2798 vera
979 2735 1230 2798 omnia-Petrus

199 2829 351 2896 Rettulit.
403 2831 479 2914 lpse
506 2835 601 2894 etiam
629 2831 778 2896 reducem
805 2829 846 2894 dc
872 2831 987 2894 luncre
1014 2828 1148 2894 fratrem

200 2928 301 2991 Hisce
328 2927 432 2992 oculis
460 2928 524 2993 vidi
551 2948 729 3012 vocemque
755 2929 807 2991 liis
831 2927 965 2991 auribus
991 2926 1086 2992 beusi
1135 2958 1142 2968 =

201 3024 301 3089 Solus
327 3035 360 3088 et
386 3026 536 3090 obscuris
561 3025 715 3089 silvarum
742 3025 951 3090 absconditus
968 3029 1092 3088 antris.

200 3120 350 3205 Namque
378 3124 431 3186 ubi
461 3143 636 3207 supremae
663 3143 761 3186 sacra
786 3129 872 3186 inter
901 3121 1024 3186 fereula
1051 3126 1155 3188 noctis

199 3217 269 3282 Hae
295 3225 366 3303 ipsa
392 3226 422 3283 in
451 3241 562 3284 mensa
584 3218 717 3284 laticum
741 3220 855 3284 libavit
881 3219 1037 3282 horrerem
1124 3267 1125 3274 ι

199 3315 400 3402 Divinasque
426 3317 529 3400 dapes
555 3317 729 3400 divinaque
755 3317 874 3402 poeula
898 3321 1038 3380 moestis

197 3411 352 3477 Moestus
379 3423 412 3478 et
437 3420 510 3498 ipse
535 3413 622 3478 dedit
648 3433 750 3500 seque
777 3420 851 3498 ipse
879 3412 963 3476 haud
993 3412 1132 3496 amplius
1158 3435 1216 3477 ore

198 3509 343 3575 Fatidice
372 3511 548 3575 libaturum
574 3510 763 3575 dulcissima
788 3515 864 3574 vitis

198 3607 336 3672 Munera
362 3630 432 3672 eum
460 3609 569 3672 charis
595 3606 777 3692 lacrymans
802 3613 952 3692 promisit
975 3613 1125 3684 amicis„

200 3703 284 3768 Ante
310 3706 510 3791 triumphato
538 3726 632 3790 quam
659 3705 773 3769 funere
795 3711 903 3774 ,vietor
929 3726 1031 3788 opaco

197 3800 223 3864 E
252 3804 376 3868 tumulo
402 3811 498 3870 vivus
524 3821 664 3888 superas
689 3812 856 3867 remcaret
884 3807 914 3864 in
942 3823 1060 3884 auras,

196 3898 351 3963 Protinus
375 3906 501 3988 ingenti
528 3907 635 3966 tuctus
663 3899 851 3984 praecordia
877 3899 982 3980 luctu,

196 3995 238 4060 Et
267 4001 416 4062 miseram
443 4019 565 4064 exosus
589 3997 709 4062 domiai
737 4007 813 4084 post
838 3997 955 4064 lunera
981 4003 1079 4060 vitam

196 4093 377 4177 Suspensis
403 4100 435 4158 in
463 4094 587 4160 coelum
614 4096 720 4160 oculis
746 4096 959 4180 manibusque
986 4098 1100 4158 uocari

1121 4191 1169 4258 23
