<?xml version="1.0" encoding="UTF-8"?>
<!DOCTYPE html PUBLIC "-//W3C//DTD XHTML 1.0 Transitional//EN"
    "http://www.w3.org/TR/xhtml1/DTD/xhtml1-transitional.dtd">
<html xmlns="http://www.w3.org/1999/xhtml" xml:lang="en" lang="en">
 <head>
  <title>
</title>
<meta http-equiv="Content-Type" content="text/html;charset=utf-8" />
  <meta name='ocr-system' content='tesseract 3.04.00' />
  <meta name='ocr-capabilities' content='ocr_page ocr_carea ocr_par ocr_line ocrx_word'/>
</head>
<body>
  <div class='ocr_page' id='page_1' title='image "./christiadoslibr00waltgoog_0354.png"; bbox 0 0 3056 4758; ppageno 0'>
   <div class='ocr_carea' id='block_1_1' title="bbox 280 1372 1242 1494">
    <p class='ocr_par' dir='ltr' id='par_1_1' title="bbox 280 1372 1242 1494">
     <span class='ocr_line' id='line_1_1' title="bbox 280 1372 1242 1494; baseline -0.004 -13"><span class='ocrx_word' id='word_1_1' title='bbox 280 1375 494 1482; x_wconf 82' lang='lat' dir='ltr'><strong>{ABER</strong></span> <span class='ocrx_word' id='word_1_2' title='bbox 530 1373 856 1484; x_wconf 77' lang='lat' dir='ltr'>DECIMUS</span> <span class='ocrx_word' id='word_1_3' title='bbox 894 1372 1242 1494; x_wconf 71' lang='lat' dir='ltr'>QUINTUS.</span> 
     </span>
    </p>
   </div>
   <div class='ocr_carea' id='block_1_2' title="bbox 143 1817 1339 4259">
    <p class='ocr_par' dir='ltr' id='par_1_2' title="bbox 143 1817 1339 4259">
     <span class='ocr_line' id='line_1_2' title="bbox 315 1817 1193 1915; baseline -0.001 -24"><span class='ocrx_word' id='word_1_4' title='bbox 315 1817 496 1900; x_wconf 84' lang='lat' dir='ltr'><strong>Protinus</strong></span> <span class='ocrx_word' id='word_1_5' title='bbox 523 1825 723 1892; x_wconf 78' lang='lat' dir='ltr'><strong>Ausonidum</strong></span> <span class='ocrx_word' id='word_1_6' title='bbox 748 1825 842 1892; x_wconf 85' lang='lat' dir='ltr'><strong>falsis</strong></span> <span class='ocrx_word' id='word_1_7' title='bbox 864 1819 981 1890; x_wconf 85' lang='lat' dir='ltr'><strong>delusa</strong></span> <span class='ocrx_word' id='word_1_8' title='bbox 1001 1833 1193 1915; x_wconf 84' lang='lat' dir='ltr'><strong>patrumque</strong></span> 
     </span>
     <span class='ocr_line' id='line_1_3' title="bbox 215 1921 1020 2013; baseline 0 -23"><span class='ocrx_word' id='word_1_9' title='bbox 215 1925 414 1990; x_wconf 77' lang='lat' dir='ltr'><strong>Commentis</strong></span> <span class='ocrx_word' id='word_1_10' title='bbox 440 1923 553 1990; x_wconf 84' lang='lat' dir='ltr'><strong>stolidi</strong></span> <span class='ocrx_word' id='word_1_11' title='bbox 579 1925 706 1990; x_wconf 85' lang='lat' dir='ltr'><strong>aceedit</strong></span> <span class='ocrx_word' id='word_1_12' title='bbox 730 1929 893 1990; x_wconf 85' lang='lat' dir='ltr'><strong>sententia</strong></span> <span class='ocrx_word' id='word_1_13' title='bbox 918 1921 1020 2013; x_wconf 78' lang='lat' dir='ltr'><strong>vulgi.</strong></span> 
     </span>
     <span class='ocr_line' id='line_1_4' title="bbox 214 2021 1030 2115; baseline 0 -29"><span class='ocrx_word' id='word_1_14' title='bbox 214 2021 257 2086; x_wconf 93' lang='lat' dir='ltr'><strong>At</strong></span> <span class='ocrx_word' id='word_1_15' title='bbox 282 2045 345 2086; x_wconf 88' lang='lat' dir='ltr'><strong>uon</strong></span> <span class='ocrx_word' id='word_1_16' title='bbox 372 2023 426 2086; x_wconf 85' lang='lat' dir='ltr'><strong>his</strong></span> <span class='ocrx_word' id='word_1_17' title='bbox 451 2022 568 2087; x_wconf 84' lang='lat' dir='ltr'><strong>cedunt</strong></span> <span class='ocrx_word' id='word_1_18' title='bbox 595 2023 741 2115; x_wconf 86' lang='lat' dir='ltr'><strong>melioris</strong></span> <span class='ocrx_word' id='word_1_19' title='bbox 767 2029 901 2108; x_wconf 82' lang='lat' dir='ltr'><strong>pectora</strong></span> <span class='ocrx_word' id='word_1_20' title='bbox 925 2041 1030 2086; x_wconf 88' lang='lat' dir='ltr'><strong>venae</strong></span> 
     </span>
     <span class='ocr_line' id='line_1_5' title="bbox 213 2118 1136 2207; baseline -0.001 -22"><span class='ocrx_word' id='word_1_21' title='bbox 213 2119 418 2202; x_wconf 77' lang='lat' dir='ltr'><strong>Fraudibus,</strong></span> <span class='ocrx_word' id='word_1_22' title='bbox 446 2129 479 2184; x_wconf 85' lang='lat' dir='ltr'><strong>et</strong></span> <span class='ocrx_word' id='word_1_23' title='bbox 505 2124 650 2207; x_wconf 79' lang='lat' dir='ltr'><strong>quamvis</strong></span> <span class='ocrx_word' id='word_1_24' title='bbox 677 2121 783 2186; x_wconf 88' lang='lat' dir='ltr'><strong>famae</strong></span> <span class='ocrx_word' id='word_1_25' title='bbox 808 2118 971 2184; x_wconf 80' lang='lat' dir='ltr'><strong>mendacis</strong></span> <span class='ocrx_word' id='word_1_26' title='bbox 1001 2123 1136 2206; x_wconf 78' lang='lat' dir='ltr'><strong>operta&#39;</strong></span> 
     </span>
     <span class='ocr_line' id='line_1_6' title="bbox 214 2218 1233 2306; baseline -0.006 -22"><span class='ocrx_word' id='word_1_27' title='bbox 214 2219 323 2284; x_wconf 81' lang='lat' dir='ltr'>Causa</span> <span class='ocrx_word' id='word_1_28' title='bbox 349 2221 475 2282; x_wconf 85' lang='lat' dir='ltr'><strong>animos</strong></span> <span class='ocrx_word' id='word_1_29' title='bbox 501 2218 623 2306; x_wconf 83' lang='lat' dir='ltr'><strong>fugiat,</strong></span> <span class='ocrx_word' id='word_1_30' title='bbox 651 2218 745 2284; x_wconf 84' lang='lat' dir='ltr'><strong>coeto</strong></span> <span class='ocrx_word' id='word_1_31' title='bbox 771 2226 877 2281; x_wconf 90' lang='lat' dir='ltr'><strong>tamen</strong></span> <span class='ocrx_word' id='word_1_32' title='bbox 905 2221 1057 2302; x_wconf 81' lang='lat' dir='ltr'><strong>auspice,</strong></span> <span class='ocrx_word' id='word_1_33' title='bbox 1082 2235 1233 2303; x_wconf 81' lang='lat' dir='ltr'><strong>magnum</strong></span> 
     </span>
     <span class='ocr_line' id='line_1_7' title="bbox 213 2315 1128 2400; baseline -0.003 -19"><span class='ocrx_word' id='word_1_34' title='bbox 213 2317 376 2381; x_wconf 86' lang='lat' dir='ltr'><strong>Evenisse</strong></span> <span class='ocrx_word' id='word_1_35' title='bbox 402 2315 523 2400; x_wconf 84' lang='lat' dir='ltr'><strong>aliquid</strong></span> <span class='ocrx_word' id='word_1_36' title='bbox 549 2325 638 2381; x_wconf 89' lang='lat' dir='ltr'><strong>tanta</strong></span> <span class='ocrx_word' id='word_1_37' title='bbox 664 2317 841 2381; x_wconf 86' lang='lat' dir='ltr'><strong>ambitione</strong></span> <span class='ocrx_word' id='word_1_38' title='bbox 869 2315 1038 2380; x_wconf 88' lang='lat' dir='ltr'><strong>frementis</strong></span> <span class='ocrx_word' id='word_1_39' title='bbox 1124 2320 1128 2330; x_wconf 79' lang='grc'><strong>“’</strong></span> 
     </span>
     <span class='ocr_line' id='line_1_8' title="bbox 214 2405 1139 2500; baseline -0.001 -21"><span class='ocrx_word' id='word_1_40' title='bbox 214 2412 355 2479; x_wconf 83' lang='lat' dir='ltr'><strong>Invidiae</strong></span> <span class='ocrx_word' id='word_1_41' title='bbox 382 2435 575 2499; x_wconf 86' lang='lat' dir='ltr'><strong>oppressum</strong></span> <span class='ocrx_word' id='word_1_42' title='bbox 603 2414 755 2497; x_wconf 80' lang='lat' dir='ltr'><strong>eredunt,</strong></span> <span class='ocrx_word' id='word_1_43' title='bbox 782 2405 842 2477; x_wconf 88' lang='lat' dir='ltr'><strong>nee</strong></span> <span class='ocrx_word' id='word_1_44' title='bbox 868 2432 969 2499; x_wconf 82' lang='lat' dir='ltr'><strong>poue</strong></span> <span class='ocrx_word' id='word_1_45' title='bbox 993 2413 1139 2500; x_wconf 80' lang='lat' dir='ltr'><strong>profanis</strong></span> 
     </span>
     <span class='ocr_line' id='line_1_9' title="bbox 215 2511 1042 2595; baseline 0 -19"><span class='ocrx_word' id='word_1_46' title='bbox 215 2511 386 2576; x_wconf 80' lang='lat' dir='ltr'><strong>Pontificio</strong></span> <span class='ocrx_word' id='word_1_47' title='bbox 409 2513 542 2595; x_wconf 80' lang='lat' dir='ltr'><strong>studiis,</strong></span> <span class='ocrx_word' id='word_1_48' title='bbox 568 2511 660 2576; x_wconf 84' lang='lat' dir='ltr'><strong>coelo</strong></span> <span class='ocrx_word' id='word_1_49' title='bbox 687 2511 899 2594; x_wconf 69' lang='lat' dir='ltr'><strong>rarlversante5</strong></span> <span class='ocrx_word' id='word_1_50' title='bbox 923 2511 1042 2576; x_wconf 80' lang='lat' dir='ltr'><strong>latere.</strong></span> 
     </span>
     <span class='ocr_line' id='line_1_10' title="bbox 214 2609 1109 2698; baseline 0.002 -26"><span class='ocrx_word' id='word_1_51' title='bbox 214 2609 290 2698; x_wconf 88' lang='lat' dir='ltr'><strong>Non</strong></span> <span class='ocrx_word' id='word_1_52' title='bbox 317 2613 389 2672; x_wconf 86' lang='lat' dir='ltr'><strong>ausi</strong></span> <span class='ocrx_word' id='word_1_53' title='bbox 416 2618 541 2696; x_wconf 78' lang='lat' dir='ltr'><strong>tamen,</strong></span> <span class='ocrx_word' id='word_1_54' title='bbox 568 2610 626 2675; x_wconf 84' lang='lat' dir='ltr'><strong>illa</strong></span> <span class='ocrx_word' id='word_1_55' title='bbox 652 2609 757 2694; x_wconf 85' lang='lat' dir='ltr'><strong>palem</strong></span> <span class='ocrx_word' id='word_1_56' title='bbox 784 2609 942 2697; x_wconf 81' lang='lat' dir='ltr'><strong>figmenta</strong></span> <span class='ocrx_word' id='word_1_57' title='bbox 968 2629 1109 2698; x_wconf 85' lang='lat' dir='ltr'><strong>negare,</strong></span> 
     </span>
     <span class='ocr_line' id='line_1_11' title="bbox 215 2705 1079 2793; baseline 0 -23"><span class='ocrx_word' id='word_1_58' title='bbox 215 2705 358 2771; x_wconf 89' lang='lat' dir='ltr'><strong>Eludunt</strong></span> <span class='ocrx_word' id='word_1_59' title='bbox 382 2727 554 2793; x_wconf 88' lang='lat' dir='ltr'><strong>procerum</strong></span> <span class='ocrx_word' id='word_1_60' title='bbox 577 2707 680 2771; x_wconf 87' lang='lat' dir='ltr'><strong>furios</strong></span> <span class='ocrx_word' id='word_1_61' title='bbox 706 2712 868 2791; x_wconf 79' lang='lat' dir='ltr'><strong>tectisque</strong></span> <span class='ocrx_word' id='word_1_62' title='bbox 891 2715 1005 2771; x_wconf 89' lang='lat' dir='ltr'><strong>tenent</strong></span> <span class='ocrx_word' id='word_1_63' title='bbox 1031 2726 1079 2770; x_wconf 90' lang='lat' dir='ltr'><strong>se.</strong></span> 
     </span>
     <span class='ocr_line' id='line_1_12' title="bbox 214 2802 1077 2892; baseline -0.002 -24"><span class='ocrx_word' id='word_1_64' title='bbox 214 2803 322 2889; x_wconf 81' lang='lat' dir='ltr'><strong>Atque</strong></span> <span class='ocrx_word' id='word_1_65' title='bbox 348 2805 403 2868; x_wconf 85' lang='lat' dir='ltr'><strong>ubi</strong></span> <span class='ocrx_word' id='word_1_66' title='bbox 428 2811 599 2892; x_wconf 80' lang='lat' dir='ltr'><strong>noctivago</strong></span> <span class='ocrx_word' id='word_1_67' title='bbox 624 2809 772 2867; x_wconf 81' lang='lat' dir='ltr'><strong>rorantia</strong></span> <span class='ocrx_word' id='word_1_68' title='bbox 797 2802 905 2867; x_wconf 87' lang='lat' dir='ltr'><strong>sidera</strong></span> <span class='ocrx_word' id='word_1_69' title='bbox 930 2802 1019 2867; x_wconf 84' lang='lat' dir='ltr'><strong>dueit</strong></span> <span class='ocrx_word' id='word_1_70' title='bbox 1075 2839 1077 2842; x_wconf 94' lang='lat'>·</span> 
     </span>
     <span class='ocr_line' id='line_1_13' title="bbox 215 2900 1158 2987; baseline -0.002 -22"><span class='ocrx_word' id='word_1_71' title='bbox 215 2900 346 2985; x_wconf 85' lang='lat' dir='ltr'><strong>Vesper·</strong></span> <span class='ocrx_word' id='word_1_72' title='bbox 371 2921 474 2987; x_wconf 84' lang='lat' dir='ltr'><strong>equo,</strong></span> <span class='ocrx_word' id='word_1_73' title='bbox 501 2911 594 2967; x_wconf 90' lang='lat' dir='ltr'><strong>tutos</strong></span> <span class='ocrx_word' id='word_1_74' title='bbox 621 2907 748 2984; x_wconf 88' lang='lat' dir='ltr'><strong>prestat</strong></span> <span class='ocrx_word' id='word_1_75' title='bbox 772 2919 837 2964; x_wconf 82' lang='lat' dir='ltr'><strong>non</strong></span> <span class='ocrx_word' id='word_1_76' title='bbox 863 2920 961 2964; x_wconf 79' lang='lat' dir='ltr'><strong>oseca</strong></span> <span class='ocrx_word' id='word_1_77' title='bbox 985 2909 1158 2984; x_wconf 82' lang='lat' dir='ltr'><strong>receptus,</strong></span> 
     </span>
     <span class='ocr_line' id='line_1_14' title="bbox 215 2998 1098 3081; baseline -0.001 -18"><span class='ocrx_word' id='word_1_78' title='bbox 215 2999 352 3064; x_wconf 85' lang='lat' dir='ltr'><strong>Defensi</strong></span> <span class='ocrx_word' id='word_1_79' title='bbox 375 3002 540 3081; x_wconf 81' lang='lat' dir='ltr'><strong>tenebris,</strong></span> <span class='ocrx_word' id='word_1_80' title='bbox 566 2999 735 3064; x_wconf 83' lang='lat' dir='ltr'><strong>Nicodemi</strong></span> <span class='ocrx_word' id='word_1_81' title='bbox 762 2998 801 3062; x_wconf 92' lang='lat' dir='ltr'><strong>ad</strong></span> <span class='ocrx_word' id='word_1_82' title='bbox 827 3006 915 3062; x_wconf 84' lang='lat' dir='ltr'><strong>tecta</strong></span> <span class='ocrx_word' id='word_1_83' title='bbox 939 2998 1098 3063; x_wconf 86' lang='lat' dir='ltr'><strong>feruntur.</strong></span> 
     </span>
     <span class='ocr_line' id='line_1_15' title="bbox 215 3094 1080 3186; baseline 0.002 -27"><span class='ocrx_word' id='word_1_84' title='bbox 215 3094 372 3162; x_wconf 75' lang='lat' dir='ltr'><strong>Gamatir&#39;tl</strong></span> <span class='ocrx_word' id='word_1_85' title='bbox 398 3097 509 3186; x_wconf 82' lang='lat' dir='ltr'><strong>legum</strong></span> <span class='ocrx_word' id='word_1_86' title='bbox 535 3103 698 3183; x_wconf 64' lang='lat' dir='ltr'><strong>interpres</strong></span> <span class='ocrx_word' id='word_1_87' title='bbox 724 3096 954 3176; x_wconf 84' lang='lat' dir='ltr'><strong>doctissimus,</strong></span> <span class='ocrx_word' id='word_1_88' title='bbox 984 3101 1080 3183; x_wconf 87' lang='lat' dir='ltr'><strong>aequi</strong></span> 
     </span>
     <span class='ocr_line' id='line_1_16' title="bbox 215 3191 1024 3282; baseline 0.001 -25"><span class='ocrx_word' id='word_1_89' title='bbox 215 3191 348 3259; x_wconf 80' lang='lat' dir='ltr'><strong>Arbiter</strong></span> <span class='ocrx_word' id='word_1_90' title='bbox 373 3201 583 3282; x_wconf 86' lang='lat' dir='ltr'><strong>incorruptus</strong></span> <span class='ocrx_word' id='word_1_91' title='bbox 609 3203 643 3260; x_wconf 89' lang='lat' dir='ltr'><strong>et</strong></span> <span class='ocrx_word' id='word_1_92' title='bbox 665 3199 918 3278; x_wconf 77' lang='lat' dir='ltr'><strong>acceptissimus</strong></span> <span class='ocrx_word' id='word_1_93' title='bbox 943 3199 1024 3279; x_wconf 86' lang='lat' dir='ltr'><strong>ipsis</strong></span> 
     </span>
     <span class='ocr_line' id='line_1_17' title="bbox 216 3291 1121 3379; baseline -0.002 -24"><span class='ocrx_word' id='word_1_94' title='bbox 216 3291 400 3358; x_wconf 75' lang='lat' dir='ltr'><strong>Nathanaitl</strong></span> <span class='ocrx_word' id='word_1_95' title='bbox 426 3295 556 3379; x_wconf 83' lang='lat' dir='ltr'><strong>superis</strong></span> <span class='ocrx_word' id='word_1_96' title='bbox 585 3291 878 3377; x_wconf 86' lang='lat' dir='ltr'><strong>Aramathidesque</strong></span> <span class='ocrx_word' id='word_1_97' title='bbox 904 3291 1091 3375; x_wconf 60' lang='lat' dir='ltr'><strong>«Iosephus</strong></span> <span class='ocrx_word' id='word_1_98' title='bbox 1118 3291 1121 3298; x_wconf 70' lang='grc'>“</span> 
     </span>
     <span class='ocr_line' id='line_1_18' title="bbox 143 3387 1183 3476; baseline 0.001 -25"><span class='ocrx_word' id='word_1_99' title='bbox 143 3453 146 3464; x_wconf 74' lang='grc'><strong>,</strong></span> <span class='ocrx_word' id='word_1_100' title='bbox 215 3387 324 3474; x_wconf 86' lang='lat' dir='ltr'><strong>Atque</strong></span> <span class='ocrx_word' id='word_1_101' title='bbox 347 3391 402 3455; x_wconf 81' lang='lat' dir='ltr'><strong>alii</strong></span> <span class='ocrx_word' id='word_1_102' title='bbox 423 3410 594 3476; x_wconf 84' lang='lat' dir='ltr'><strong>procerum</strong></span> <span class='ocrx_word' id='word_1_103' title='bbox 618 3405 637 3454; x_wconf 87' lang='lat' dir='ltr'><strong>e</strong></span> <span class='ocrx_word' id='word_1_104' title='bbox 664 3397 778 3472; x_wconf 84' lang='lat' dir='ltr'><strong>coetu,</strong></span> <span class='ocrx_word' id='word_1_105' title='bbox 805 3409 889 3473; x_wconf 90' lang='lat' dir='ltr'><strong>quos</strong></span> <span class='ocrx_word' id='word_1_106' title='bbox 915 3390 1034 3474; x_wconf 80' lang='lat' dir='ltr'><strong>inclyta</strong></span> <span class='ocrx_word' id='word_1_107' title='bbox 1060 3388 1183 3454; x_wconf 82' lang='lat' dir='ltr'><strong>christi</strong></span> 
     </span>
     <span class='ocr_line' id='line_1_19' title="bbox 215 3487 1037 3575; baseline 0 -25"><span class='ocrx_word' id='word_1_108' title='bbox 215 3487 367 3553; x_wconf 87' lang='lat' dir='ltr'><strong>Partibus</strong></span> <span class='ocrx_word' id='word_1_109' title='bbox 392 3487 558 3552; x_wconf 81' lang='lat' dir='ltr'><strong>addiderat</strong></span> <span class='ocrx_word' id='word_1_110' title='bbox 584 3492 928 3575; x_wconf 68' lang='lat' dir='ltr'><strong>virtus&#39;ingentiaque</strong></span> <span class='ocrx_word' id='word_1_111' title='bbox 951 3495 1037 3552; x_wconf 87' lang='lat' dir='ltr'><strong>aeta.</strong></span> 
     </span>
     <span class='ocr_line' id='line_1_20' title="bbox 214 3583 931 3652; baseline -0.001 -4"><span class='ocrx_word' id='word_1_112' title='bbox 214 3583 264 3648; x_wconf 84' lang='lat' dir='ltr'><strong>liti</strong></span> <span class='ocrx_word' id='word_1_113' title='bbox 292 3591 377 3652; x_wconf 88' lang='lat' dir='ltr'><strong>inter</strong></span> <span class='ocrx_word' id='word_1_114' title='bbox 401 3606 478 3652; x_wconf 90' lang='lat' dir='ltr'><strong>sese</strong></span> <span class='ocrx_word' id='word_1_115' title='bbox 502 3590 605 3651; x_wconf 84' lang='lat' dir='ltr'><strong>variis</strong></span> <span class='ocrx_word' id='word_1_116' title='bbox 634 3585 839 3650; x_wconf 80' lang='lat' dir='ltr'><strong>sermonibus</strong></span> <span class='ocrx_word' id='word_1_117' title='bbox 868 3589 931 3648; x_wconf 89' lang='lat' dir='ltr'><strong>atri</strong></span> 
     </span>
     <span class='ocr_line' id='line_1_21' title="bbox 214 3681 1013 3773; baseline 0.003 -28"><span class='ocrx_word' id='word_1_118' title='bbox 214 3681 311 3749; x_wconf 86' lang='lat' dir='ltr'><strong>Lethi</strong></span> <span class='ocrx_word' id='word_1_119' title='bbox 340 3689 537 3773; x_wconf 83' lang='lat' dir='ltr'><strong>ignominias</strong></span> <span class='ocrx_word' id='word_1_120' title='bbox 563 3689 598 3748; x_wconf 89' lang='lat' dir='ltr'><strong>et</strong></span> <span class='ocrx_word' id='word_1_121' title='bbox 622 3689 830 3769; x_wconf 83' lang='lat' dir='ltr'><strong>inexpectata</strong></span> <span class='ocrx_word' id='word_1_122' title='bbox 855 3683 916 3746; x_wconf 86' lang='lat' dir='ltr'><strong>sub</strong></span> <span class='ocrx_word' id='word_1_123' title='bbox 939 3687 1013 3767; x_wconf 85' lang='lat' dir='ltr'><strong>ipso</strong></span> 
     </span>
     <span class='ocr_line' id='line_1_22' title="bbox 214 3774 1339 3867; baseline -0.004 -24"><span class='ocrx_word' id='word_1_124' title='bbox 214 3777 366 3846; x_wconf 86' lang='lat' dir='ltr'><strong>Monstra</strong></span> <span class='ocrx_word' id='word_1_125' title='bbox 390 3783 610 3848; x_wconf 78' lang='lat' dir='ltr'><strong>remanebant.</strong></span> <span class='ocrx_word' id='word_1_126' title='bbox 662 3781 844 3867; x_wconf 71' lang='lat' dir='ltr'><strong>Quisquam</strong></span> <span class='ocrx_word' id='word_1_127' title='bbox 870 3782 954 3845; x_wconf 87' lang='lat' dir='ltr'><strong>haeo</strong></span> <span class='ocrx_word' id='word_1_128' title='bbox 979 3786 1051 3846; x_wconf 90' lang='lat' dir='ltr'><strong>sine</strong></span> <span class='ocrx_word' id='word_1_129' title='bbox 1078 3784 1208 3844; x_wconf 88' lang='lat' dir='ltr'><strong>numine</strong></span> <span class='ocrx_word' id='word_1_130' title='bbox 1231 3774 1339 3840; x_wconf 85' lang='lat' dir='ltr'><strong>dirum</strong></span> 
     </span>
     <span class='ocr_line' id='line_1_23' title="bbox 215 3875 1165 3967; baseline 0.001 -27"><span class='ocrx_word' id='word_1_131' title='bbox 215 3875 377 3944; x_wconf 85' lang='lat' dir='ltr'><strong>Evenisse</strong></span> <span class='ocrx_word' id='word_1_132' title='bbox 399 3882 519 3967; x_wconf 67' lang='lat' dir='ltr'><strong>putet?</strong></span> <span class='ocrx_word' id='word_1_133' title='bbox 543 3880 696 3946; x_wconf 79' lang='lat' dir='ltr'><strong>reducem</strong></span> <span class='ocrx_word' id='word_1_134' title='bbox 716 3890 761 3943; x_wconf 73' lang='lat' dir='ltr'><strong>‘se</strong></span> <span class='ocrx_word' id='word_1_135' title='bbox 786 3899 806 3943; x_wconf 87' lang='lat' dir='ltr'><strong>a</strong></span> <span class='ocrx_word' id='word_1_136' title='bbox 829 3878 944 3944; x_wconf 76' lang='lat' dir='ltr'><strong>Annene</strong></span> <span class='ocrx_word' id='word_1_137' title='bbox 970 3880 1165 3948; x_wconf 70' lang='lat' dir='ltr'>CHRISTUS</span> 
     </span>
     <span class='ocr_line' id='line_1_24' title="bbox 216 3973 1027 4063; baseline 0.005 -26"><span class='ocrx_word' id='word_1_138' title='bbox 216 3973 328 4042; x_wconf 87' lang='lat' dir='ltr'><strong>Atfore</strong></span> <span class='ocrx_word' id='word_1_139' title='bbox 354 3978 536 4063; x_wconf 83' lang='lat' dir='ltr'><strong>pollicitus,</strong></span> <span class='ocrx_word' id='word_1_140' title='bbox 563 4001 635 4044; x_wconf 88' lang='lat' dir='ltr'><strong>cum</strong></span> <span class='ocrx_word' id='word_1_141' title='bbox 662 3999 701 4042; x_wconf 87' lang='lat' dir='ltr'><strong>se</strong></span> <span class='ocrx_word' id='word_1_142' title='bbox 726 3977 783 4043; x_wconf 85' lang='lat' dir='ltr'><strong>lux</strong></span> <span class='ocrx_word' id='word_1_143' title='bbox 807 3981 1027 4043; x_wconf 84' lang='lat' dir='ltr'><strong>tertia&#39;terris</strong></span> 
     </span>
     <span class='ocr_line' id='line_1_25' title="bbox 214 4071 1131 4163; baseline -0.007 -25"><span class='ocrx_word' id='word_1_144' title='bbox 214 4073 396 4141; x_wconf 87' lang='lat' dir='ltr'><strong>Redderet:</strong></span> <span class='ocrx_word' id='word_1_145' title='bbox 425 4099 443 4140; x_wconf 97' lang='lat' dir='ltr'><strong>o</strong></span> <span class='ocrx_word' id='word_1_146' title='bbox 469 4076 575 4141; x_wconf 84' lang='lat' dir='ltr'><strong>faxint</strong></span> <span class='ocrx_word' id='word_1_147' title='bbox 599 4082 711 4163; x_wconf 79' lang='lat' dir='ltr'><strong>superi</strong></span> <span class='ocrx_word' id='word_1_148' title='bbox 735 4075 892 4141; x_wconf 86' lang='lat' dir='ltr'><strong>rediisse!</strong></span> <span class='ocrx_word' id='word_1_149' title='bbox 920 4071 1131 4158; x_wconf 83' lang='lat' dir='ltr'><strong>sepulchrum</strong></span> 
     </span>
     <span class='ocr_line' id='line_1_26' title="bbox 214 4166 1159 4259; baseline -0.008 -19"><span class='ocrx_word' id='word_1_150' title='bbox 214 4171 314 4240; x_wconf 84' lang='lat' dir='ltr'><strong>Miles</strong></span> <span class='ocrx_word' id='word_1_151' title='bbox 340 4179 433 4240; x_wconf 86' lang='lat' dir='ltr'><strong>inane</strong></span> <span class='ocrx_word' id='word_1_152' title='bbox 456 4175 569 4240; x_wconf 79' lang='lat' dir='ltr'><strong>refert.</strong></span> <span class='ocrx_word' id='word_1_153' title='bbox 621 4174 707 4241; x_wconf 77' lang='lat' dir='ltr'><strong>auti</strong></span> <span class='ocrx_word' id='word_1_154' title='bbox 734 4173 868 4240; x_wconf 81' lang='lat' dir='ltr'><strong>credere</strong></span> <span class='ocrx_word' id='word_1_155' title='bbox 896 4173 1046 4259; x_wconf 80' lang='lat' dir='ltr'><strong>dignius,</strong></span> <span class='ocrx_word' id='word_1_156' title='bbox 1069 4166 1159 4232; x_wconf 81' lang='lat' dir='ltr'><strong>illum</strong></span> 
     </span>
    </p>
   </div>
   <div class='ocr_carea' id='block_1_3' title="bbox 0 0 1532 4758">
    <p class='ocr_par' dir='ltr' id='par_1_3' title="bbox 0 0 1532 4758">
     <span class='ocr_line' id='line_1_27' title="bbox 0 0 1532 4758; baseline 0 0"><span class='ocrx_word' id='word_1_157' title='bbox 0 0 1532 4758; x_wconf 95' lang='lat' dir='ltr'><strong> </strong></span> 
     </span>
    </p>
   </div>
  </div>
 </body>
</html>
