3056 4758
641 193 884 250 cnmsrmnos
912 195 919 208 '

217 381 364 446 Arbitrio
388 384 527 465 possint.
578 379 683 444 Tenet
708 388 945 469 aeternumque
968 383 1095 450 tenebit

218 479 372 565 Captivos
398 479 523 544 infinita
547 476 719 544 dulcedine
745 499 865 546 seusus

216 577 444 662 Immeosoque
469 576 668 662 voluptatum
694 585 841 642 torrente
868 585 1019 644 natantes

218 675 401 742 Coelitoum
429 683 555 740 mentes
581 680 753 759 possessio
780 685 872 740 certa
897 681 1043 760 supremi

218 773 261 838 Et
286 792 406 837 secura
432 772 525 852 boni,
552 779 604 836 cui
630 794 691 836 nec
717 772 847 837 fastidia
873 770 1012 856 adeptae

218 870 382 936 Laetitiae
408 875 595 954 inserpunt,
621 888 681 933 nec
706 889 744 934 ue
769 875 954 955 importuno
982 872 1099 955 cupido

220 967 378 1032 Absentis
405 975 532 1032 miscet.
584 965 673 1032 (luid
699 972 785 1032 euim
811 965 962 1032 felicibus
993 969 1107 1038 nister

220 1066 326 1131 (lueis
353 1071 438 1130 vitoe
464 1065 556 1144 fons,
582 1062 638 1128 lux
664 1069 751 1144 reri,
777 1070 872 1150 queis
897 1065 970 1130 finis
997 1073 1120 1133 umoris

219 1163 301 1228 Fine
325 1183 461 1242 carens,
487 1162 678 1226 immortalis
702 1161 758 1226 dat
786 1161 905 1250 gaudie
931 1169 1037 1250 vita03

220 1261 371 1326 illustres
398 1258 510 1344 pandit
535 1259 643 1324 radios
671 1279 862 1349 omnemque
890 1261 1042 1326 decorem

219 1357 385 1441 Explicat,
413 1357 496 1422 unde
523 1357 626 1422 fumes
651 1364 687 1422 et
711 1379 776 1443 quo
803 1363 925 1422 satiata
949 1358 1097 1442 fruetur,

218 1454 346 1520 luvenit
372 1464 558 1538 aeternum,
586 1474 716 1542 quoque
741 1460 866 1520 irritato
891 1457 1065 1521 recurrat?

316 1649 344 1712 0
372 1658 524 1734 quuntnm
551 1650 679 1714 innubis
707 1648 817 1714 radios
843 1659 877 1715 et
903 1649 1025 1716 lumine
1047 1649 1194 1738 Phoebi,

219 1750 248 1812 0
275 1757 429 1833 quantum
456 1747 627 1835 angelicae
652 1752 794 1812 ootivum
817 1746 902 1814 lucis
927 1749 1087 1814 honorem

218 1842 330 1910 Aurea
354 1844 428 1926 lux,
454 1851 574 1932 ingens
603 1844 710 1910 lumen
738 1844 778 1910 de
804 1847 886 1912 sede
912 1848 1064 1912 Parentis

219 1942 380 2007 Aetherei
406 1943 591 2023 exundans,
613 1943 741 2027 jubaris
766 1942 898 2030 fulgore
924 1951 1054 2010 corusci

218 2040 404 2126 Exuperatl
431 2041 523 2125 cujus
549 2046 633 2106 mira
661 2046 781 2106 virtute
807 2041 895 2106 beuti

219 2138 400 2222 Perspicua
425 2146 559 2204 cernunt
585 2144 658 2203 acie
685 2138 875 2224 vultumque
901 2141 1080 2224 decusque

219 2236 388 2301 Numinis:
416 2242 598 2324 ingenitum
626 2238 754 2301 Patrem
782 2236 1014 2323 Genitnmque,
1041 2237 1172 2301 Perenti

82 2358 91 2370 ·
219 2333 367 2398 Aeterno
392 2335 580 2418 aequalem,
607 2333 695 2400 Nutu
722 2333 880 2420 Patrique
906 2355 1062 2400 coaevum

220 2430 396 2514 Spiritum,
425 2438 555 2516 utrique
581 2450 711 2515 parem3
736 2436 925 2516 pariterque
949 2433 991 2496 ab
1016 2440 1154 2516 utroque
1178 2430 1341 2496 fluentem.

219 2527 360 2612 (duoque
386 2527 480 2592 modo
510 2527 643 2592 Genitor
673 2526 761 2591 Proli
787 2528 993 2594 substantiae
1020 2530 1177 2594 honorem
1250 2567 1252 2572 ·
1377 2611 1381 2618 Ι

219 2625 373 2690 Conferat
399 2630 469 2708 ipse
496 2646 577 2689 sune
602 2630 768 2706 noscenti,
796 2633 829 2689 et
856 2635 992 2710 uterque
1018 2625 1170 2692 refundat

218 2721 346 2786 Numen
373 2722 477 2806 idem,
507 2744 708 2808 aequaevum
735 2727 911 2805 spiramine
937 2731 1048 2789 mutuo
1075 2729 1106 2786 in
1132 2721 1274 2803 Auram,

218 2820 262 2886 Ut
288 2819 409 2904 triplex
435 2841 568 2886 numero
595 2841 753 2906 persone,
779 2826 825 2885 sit
850 2843 934 2888 unus
961 2820 1074 2886 eodem

218 2916 396 3000 Majcstate
422 2919 543 3000 DEUS,
570 2925 740 3005 nostrique
766 2917 851 2982 haud
879 2919 1029 3006 indigus,
1057 2939 1153 2982 omne

218 3014 305 3078 Ante
331 3036 445 3079 aevum
472 3024 646 3099 consinus,
671 3035 765 3080 omne
792 3015 988 3080 extendatur
1013 3021 1046 3078 in
1071 3035 1204 3094 nevum,

218 3112 294 3196 lpse
320 3118 391 3177 aevi
417 3134 570 3178 mensura
595 3119 657 3178 sui.
708 3113 899 3197 Terraeque
923 3113 1056 3198 polique

219 3210 377 3277 Naturam
404 3231 568 3297 casusque
592 3216 748 3297 vicesque
774 3217 872 3296 utque
900 3216 1008 3276 omnia
1032 3231 1142 3274 rerum

218 3309 381 3393 Tempora
406 3307 572 3373 mobilium
597 3316 695 3396 regat
718 3307 928 3372 immutabilis
953 3328 1048 3372 unus.

219 3405 364 3470 Daedalo
391 3427 456 3490 que
480 3404 579 3470 tellus
606 3404 757 3490 coelique
782 3403 994 3488 decemplicis
1021 3404 1121 3468 orbos

218 3502 261 3566 st
286 3502 436 3589 quidquid
465 3511 553 3568 terre
576 3509 781 3588 omniparens
808 3501 1001 3588 coelumque
1027 3501 1129 3566 leraci

218 3598 280 3665 Vel
306 3606 432 3688 gremio
458 3605 560 3665 nutrit
586 3600 638 3665 rel
666 3609 759 3665 vasto
784 3599 910 3664 fornice
938 3605 1062 3686 cingit,

218 3697 378 3762 Eductum
404 3717 422 3760 e
449 3696 539 3761 nihili
569 3696 704 3762 latebris
730 3701 856 3764 ratione
882 3717 940 3782 per
966 3703 1073 3780 ipsum

218 3795 348 3861 Exierit
372 3796 508 3876 suctum,
536 3814 576 3858 ex
601 3800 675 3878 ipso
701 3794 893 3881 profluxerit
919 3804 1045 3873 ortum,

218 3892 320 3980 Inque
345 3897 419 3976 ipso
445 3912 576 3977 semper
601 3893 701 3956 fuerit
728 3909 924 3977 semperque
948 3890 1092 3955 futurum
1117 3899 1185 3972 est..

220 3991 338 4054 (luove
364 3989 458 4055 modo
485 3997 516 4056 in
544 3998 713 4074 composta
737 4011 777 4053 ac
799 3987 938 4054 indivise
962 3989 1078 4054 bealae

220 4085 417 4174 Simplicitas
444 4087 568 4154 formae
596 4087 711 4166 (liceat
736 4091 785 4152 sic
811 4084 920 4152 dicere
949 4090 1034 4167 rati,
