3082 4746
579 229 583 248 ¹
661 208 904 266 GHRlS‘PldDOS
1283 211 1427 267 558-509

335 394 407 462 Heu
434 400 582 482 quianam
608 399 755 478 insanis,
780 400 902 481 inquit,
929 394 1143 460 charissime!
1175 398 1265 460 curis

236 493 411 582 Indulgere
436 497 593 580 gravique
620 498 760 560 animum
784 498 949 579 vitamque
976 491 1088 556 dolore

235 590 420 658 Exhaurire
440 588 562 673 juvat?
585 589 690 656 fidens
716 595 928 676 animosaque
953 589 1079 654 coelum

237 687 324 777 Spes
347 695 518 776 penetrat,
543 687 771 773 lacrymaeque
797 685 855 750 illo
881 686 922 751 de
948 688 1038 752 fonte
1064 687 1214 768 refusae,

237 784 308 851 Vim
334 791 464 872 superis
491 786 615 850 faciunt
640 792 676 848 et
701 788 768 848 vivi
793 782 936 849 fluminis
960 789 1065 850 instar

235 882 389 949 lncautae
413 883 608 968 abstergunt
634 885 806 946 commissa
830 881 1126 967 piaculamentis3

236 980 345 1068 Surge
374 999 438 1066 nge
465 985 499 1042 et
521 979 636 1044 effreni
664 986 766 1042 ructas
787 976 855 1062 jam
880 979 1108 1066 pune-dolori.

235 1077 420 1163 Numquis
447 1080 477 1138 in
503 1076 565 1140 hac
587 1096 651 1141 nnn
679 1083 776 1142 nocte
798 1077 904 1142 reus.⁰
928 1081 1140 1161 peccavimus
1163 1095 1287 1157 omnes,

235 1174 310 1239 Heu
335 1172 436 1238 timidi
462 1172 617 1259 infidique
643 1193 777 1259 ornnes,
804 1180 840 1238 tu
865 1175 983 1240 fortior
1010 1193 1095 1240 unus

235 1270 269 1334 ln
297 1269 444 1359 glandine,
473 1275 502 1333 in
528 1270 598 1336 tela
622 1276 692 1335 ruis
718 1278 919 1357 mortemque
944 1271 1105 1354 lacescis,

234 1368 309 1432 Nec
334 1366 466 1432 sublata
490 1373 600 1456 prius,
628 1389 723 1454 quam
748 1366 862 1450 iussus
887 1366 1022 1456 projicis
1048 1388 1146 1435 arma

236 1463 322 1531 Quid
345 1464 452 1530 simile
479 1470 609 1555 egregii
635 1470 772 1532 comites
797 1467 859 1532 sub
885 1466 1001 1550 ripula
1002 1471 1166 1554 ffmagistn

235 1561 493 1630 PraestitimusiJ
523 1564 598 1628 fidei
627 1571 661 1628 et
685 1567 840 1651 promissi
867 1541 989 1630 oblitus
1017 1569 1147 1672 amuda

234 1659 384 1727 Excussa
409 1659 515 1726 nudus
540 1682 599 1748 per
625 1660 720 1726 devia
744 1660 882 1727 sindone
908 1661 990 1749 fugi.
1123 1633 1248 1758 ifle-g,x

234 1756 324 1846 Ergo
350 1779 432 1845 age,
459 1765 492 1822 et
518 1759 674 1824 afflictam
700 1779 823 1822 mecum
850 1757 959 1824 solare
985 1751 1171 1846 parentem!

233 1853 419 1944 dungamua
444 1854 623 1940 lacrymas,
650 1859 800 1942 morienti
825 1854 993 1921 adstemus
1018 1861 1135 1923 amico.

330 2050 374 2115 At
398 2051 518 2116 Petrus
544 2058 633 2129 [nam
659 2051 778 2116 Petrus
802 2055 889 2130 eret)
916 2073 988 2118 eum
1008 2051 1137 2136 prodita
1159 2057 1265 2118 scrisit

233 2146 406 2233 Lamenta,
431 2148 565 2235 obliquo
591 2149 777 2237 indignatus
803 2149 925 2216 lumine
950 2149 1071 2216 lustrat

232 2247 414 2312 Dicentem.
463 2244 507 2311 Ut
533 2267 612 2311 vero
638 2246 764 2312 vultum
790 2267 970 2332 vocemque
997 2245 1138 2316 Joannis

232 2341 396 2429 Agnovit,
427 2363 612 2427 quenquam
637 2341 741 2408 doluit
766 2343 968 2428 deprensus,
994 2348 1116 2410 arnicas

233 2437 370 2524 Excepit
395 2441 516 2502 tacitus
542 2458 643 2503 voces
668 2459 706 2502 uc
731 2438 812 2510 talia
840 2439 962 2504 reddit:

331 2629 361 2692 0
387 2633 507 2698 utinam
532 2629 660 2715 abjecta
683 2637 809 2718 pariter
835 2655 905 2700 cum
930 2635 1067 2702 sindone
1094 2642 1161 2704 vita

233 2724 304 2792 Hoc
329 2727 520 2816 effugissem
548 2728 695 2798 facinus!
719 2728 972 2813 jactura-,beate

233 2823 368 2890 Scilicet
392 2825 450 2890 illu
475 2827 552 2892 mihi
578 2833 611 2892 ct
637 2837 899 2895 votorum-meta
924 2830 1063 2898 fuisset!

231 2920 332 2988 Mene
359 2944 441 3011 ergo
469 2932 615 2991 moestae
641 2930 794 2992 comitem
819 2933 870 2994 vis
896 2933 944 2992 ire
967 2934 1123 3012 parenti⁰

231 3018 298 3085 Fac
322 3020 424 3107 velle;
451 3022 626 3108 atquibus
652 3023 736 3088 hanc
761 3023 887 3105 oculis,
918 3046 983 3111 qua
1008 3027 1148 3114 deniqne
1174 3029 1283 3094 fronte

231 3117 424 3203 Aspiciam?
451 3140 535 3206 quae
561 3120 661 3184 verba
685 3125 768 3203 mei,
795 3141 879 3206 quac
903 3121 1038 3188 flumina
1063 3124 1177 3214 lapsus

230 3213 436 3304 Abstergant
461 3219 696 3304 ignominiam?
723 3222 867 3302 suspiria
892 3218 991 3285 nnlla.

231 3312 323 3377 Nulli
350 3315 434 3379 adeo
460 3321 624 3432 gemitus,
651 3314 730 3379 nulli
757 3335 831 3380 mea
857 3320 992 3383 crimina
1015 3319 1116 3388 fletus

230 3407 399 3475 Excusare
425 3421 565 3496 queunt,
592 3416 653 3476 nisi
680 3416 733 3497 qni
759 3411 961 3497 depectere
987 3423 1076 3498 nati,

231 3505 338 3570 (luem
365 3512 465 3574 miser
489 3514 602 3574 insane
628 3515 736 3574 victus
761 3515 888 3576 terrore
915 3519 1034 3601 negavi

229 3601 339 3686 lpsius
365 3613 440 3670 ante
464 3605 594 3689 oculos,
619 3613 683 3672 nisi
710 3612 764 3694 qui
792 3608 831 3672 de
856 3617 993 3694 pectore
1019 3619 1131 3680 reatris

230 3697 404 3766 Manarint.
456 3701 612 3790 Magnam
638 3705 750 3771 famuli
771 3711 928 3772 miserata
952 3714 1077 3776 ruinam

230 3795 260 3860 0
286 3803 410 3864 utinam
431 3799 489 3865 illu
513 3823 594 3868 snos
620 3807 740 3868 misero
767 3804 845 3868 mihi
872 3806 1056 3874 commodet
1082 3807 1222 3874 imbres!

230 3892 336 3960 (luam
361 3895 469 3962 facilis
494 3903 619 3964 reniam
643 3899 775 3988 indigno
802 3911 894 3985 pater·
918 3907 990 3987 ipsc
1016 3911 1125 3971 timori

229 3991 375 4060 Donaret
399 4001 466 4060 irati
491 4001 600 4062 victus
626 4001 748 4083 pictate
774 4002 953 4086 gementis!

230 4088 334 4158 Onam
363 4091 470 4159 facilis
496 4093 618 4162 sceleri
644 4100 768 4164 veniam
795 4097 1003 4180 concederet,
1030 4097 1134 4166 almae
