3076 4744
665 200 907 254 cuutsmauos

239 387 415 455 Turbantis
437 385 599 474 Zephyri,
624 387 819 474 trepidantis
845 385 1016 482 arundinis
1041 404 1160 452 auram.

240 487 335 552 (luae
361 493 480 554 temen.
534 484 595 550 llic
620 506 741 572 presso
766 493 840 548 sata
860 492 958 548 nocte
982 483 1144 552 obmutuit
1169 505 1246 568 ore,

240 583 387 648 Offusam
413 584 524 647 subita
548 583 682 650 turbans
711 582 855 668 caligine
881 590 1036 647 mentem:

238 680 283 746 Ut
308 685 403 746 vanis
428 686 575 746 ementiti
602 681 797 746 discriminis
821 678 963 762 umbris,
1072 677 1078 696 ⁶

238 778 282 843 Et
306 785 436 866 gemino
462 783 493 842 in
522 799 638 842 casses
664 785 760 840 actus
786 783 911 841 terrore
934 776 1075 842 latentes

238 875 411 942 Incideret.
462 873 577 940 Gelido
603 881 731 940 interea
757 873 883 958 pallore
909 895 1063 940 serenum

144 971 145 976 ’
239 973 384 1039 Obducit
409 972 560 1054 vultum,
578 971 682 1042 veluti,
705 978 859 1036 miserata
885 971 1011 1038 sodalis

238 1071 375 1136 Infausti
403 1090 528 1134 casum.
578 1071 659 1134 Tum
686 1090 750 1154 qua
775 1069 1040 1157 ratione'perioli
1143 1123 1145 1128 .

128 1246 130 1250 .
237 1168 412 1233 Immunem
439 1165 570 1249 reddat,
594 1172 695 1232 tacito
721 1189 758 1232 se
787 1177 923 1252 pectore
949 1168 1091 1254 fingeris·
1202 1217 1208 1226 .

237 1264 391 1349 Improba
416 1270 629 1350 nequicquam
658 1265 825 1350 meditari,
848 1265 1002 1332 dentibus
1028 1286 1157 1352 ungues
1231 1316 1235 1324 .

237 1361 433 1446 Demordet,
464 1362 576 1450 digitis
599 1363 717 1447 scalpit
742 1371 859 1450 caput,
887 1370 1039 1444 aestuat,
1068 1362 1203 1442 haeret,

237 1457 391 1526 Frontem
417 1463 589 1526 contrahit.
641 1460 785 1546 Obliquo
803 1461 869 1525 sed
895 1460 1019 1524 lumine
1036 1459 1156 1526 dudum
1256 1464 1333 1518 ··1·.i

237 1556 425 1623 Perlustrat
451 1558 559 1622 furtim
585 1559 666 1642 [ceu
688 1563 785 1642 pictis
812 1558 950 1624 callidus
977 1578 1072 1622 escas
1104 1609 1106 1614 .
1213 1577 1308 1635 ‘utcu

236 1654 387 1740 Aligeris
412 1675 537 1743 auceps
563 1655 748 1739 dispensat,
774 1657 918 1740 piscibus
945 1665 1039 1740 aptas

237 1752 383 1817 Venator
405 1754 543 1838 tremula
568 1754 705 1819 insidias
731 1753 792 1817 sub
812 1753 976 1818 ¹arundine
1002 1752 1134 1830 condit}
1187 1775 1200 1786 ¹·

237 1850 322 1914 Dein
351 1848 442 1914 velut
467 1869 609 1916 excusso
636 1850 767 1915 tandem
792 1850 996 1932 discrimine,
1022 1849 1180 1914 frontem*
1258 1878 1273 1889 ··

237 1947 387 2034 Porrigit
411 1947 577 2029 exultans,
604 1957 638 2012 et
664 1948 781 2012 blando
809 1949 890 2012 haec
916 1967 974 2011 ore
992 1947 1169 2031 profatur:

339 2043 433 2108 Quae
456 2053 564 2110 tamen
590 2046 723 2111 audenti
751 2055 870 2110 certam
897 2044 1063 2130 spondere
1088 2043 1228 2110 salutem

239 2142 371 2224 Possit,
399 2149 434 2206 et
459 2153 597 2230 argento
623 2165 758 2208 vacuam
783 2143 900 2208 fulcire
928 2153 1127 2225 crumenam,

239 2237 358 2325 Amplu
384 2241 442 2303 tibi
468 2241 558 2306 duda
580 2250 734 2326 superest
759 2247 823 2304 via.
876 2238 1159 2317 Pelletimorem,

239 2335 469 2419 Fortunaeque
494 2337 615 2401 alceris
636 2335 713 2418 jam·
730 2337 861 2398 tandem
886 2354 1024 2402 occurre
1049 2333 1187 2398 faventi:

240 2428 293 2494 Ne
316 2435 487 2516 quisquam
515 2437 666 2494 comitum
697 2439 730 2494 te
754 2430 949 2495 fortunatior
969 2430 1102 2494 horum.
1170 2478 1173 2486 .

240 2525 408 2610 Occupet,
436 2533 470 2590 et
492 2531 635 2612 gemitus
662 2533 823 2592 cunctanti
850 2528 942 2614 leget
964 2547 1103 2593 amaros.
1145 2553 1155 2576 -’

239 2621 419 2706 Leviadae,
445 2627 602 2713 primique
627 2625 777 2708 Petrum,
805 2646 888 2710 quos
914 2645 992 2692 curu
1018 2645 1207 2706 sacrorum,

240 2720 379 2786 Moseae
406 2741 491 2806 quos
514 2717 601 2808 legis
627 2741 718 2786 amor
745 2723 911 2786 Divinitus
938 2730 1033 2810 urget

240 2817 405 2905 Sacrilegi
432 2816 573 2902 infandis
601 2816 739 2886 Galilaei
764 2841 937 2886 occurrere
963 2826 1091 2905 coeptis

238 2917 282 2982 Et
307 2914 395 2979 diros
422 2915 600 3000 prohibere
628 2940 761 3004 uueus3‘
777 2925 924 3006 iugentia
949 2918 1109 3002 spondent
1149 2941 1151 2948 ·
1261 2943 1264 2952 ·

238 3013 334 3078 Dona
359 3017 447 3096 viro,
475 3021 600 3100 patriae
626 3022 679 3101 qui
702 3014 769 3098 jam
795 3015 938 3081 labentis
964 3034 1074 3078 amore
1157 3061 1160 3069 ,
1202 3043 1205 3050 ’
1269 3052 1272 3060 ·

238 3111 412 3195 Incensus,
438 3113 634 3201 templique,
661 3120 695 3176 et
719 3112 905 3198 relligionis
930 3115 1059 3190 avitae,

238 3208 394 3296 Indignos
414 3209 641 3294 dosephiadae
667 3217 878 3292 praevertere
903 3207 992 3272 ferro

239 3307 402 3388 conatus,
429 3311 624 3390 meritisque
643 3311 808 3370 incautum
832 3305 1144 3370 innectere·viuclis

238 3401 355 3481 Ausit,
382 3409 415 3464 et
440 3409 572 3488 ignotas
599 3422 657 3487 per
686 3412 813 3467 noctem
840 3407 970 3488 aperire
996 3402 1156 3468 latebras.

240 3497 268 3561 0
294 3497 375 3564 mihi
396 3503 425 3561 si
452 3518 516 3582 qua
541 3500 631 3564 foret
652 3508 777 3565 teritum
804 3501 886 3564 haec
908 3518 1044 3580 sperare
1069 3499 1227 3566 facultas!

238 3594 334 3661 lrritu
352 3591 421 3677 jam
447 3601 546 3661 toties
572 3618 765 3683 procerum,
790 3601 984 3684 patriaeque
1010 3596 1158 3662 cadentis
1185 3638 1188 3646 ·

238 3690 325 3755 Vota
350 3690 436 3755 trahi
460 3694 620 3777 paterer?
639 3703 700 3778 tu,
728 3701 782 3759 oui
808 3695 885 3759 data
910 3699 1005 3778 copia
1030 3702 1140 3758 tunme

239 3787 381 3872 Laudis,
408 3793 437 3852 si
463 3795 589 3875 patriae
612 3796 722 3874 pietas
744 3789 934 3879 praecordia
958 3796 1082 3877 tangit,

179 3962 181 3970 Ι
240 3884 278 3948 Si
303 3891 391 3953 vitae
417 3886 478 3951 tibi
503 3886 611 3962 dulcis
638 3908 744 3971 umor,
770 3894 800 3952 si
826 3892 970 3973 praemia
994 3906 1096 3952 curas

241 3979 418 4055 Confectus
442 3983 540 4055 taeda
566 3989 685 4065 macie,
708 3989 881 4074 vivumque
904 3985 1063 4062 cadauer,
1123 4031 1125 4038 .
