3082 4746
161 233 234 300 ato

663 219 905 275 obtulerimus

247 409 398 498 Angelus
424 415 458 472 et
483 407 643 492 lacrymas
669 412 903 494 tergensslne
927 405 1008 493 lege
1034 404 1209 470 cadurtesz

247 507 295 573 En
319 507 379 572 tibi
404 505 515 572 felicis
541 511 661 594 pignus
688 503 898 571 memorabile
924 503 1021 590 ligni,

247 607 320 672 (luo
348 609 460 690 stirpis
483 604 663 689 reparanda
688 603 799 686 salus,
827 601 1017 690 frangenda·
1032 607 1176 687 tyrannis

244 703 388 768 Luciferi
414 709 448 766 et
472 722 591 789 magno
617 722 706 766 mors
732 699 928 766 debellanda
956 700 1131 786 triumpho.

246 801 337 866 Dixit
363 807 395 864 et
422 807 609 885 excerptum
635 797 725 863 vitali
751 818 792 862 ex
818 799 936 862 arbore
961 817 1093 878 semen,

245 899 341 964 (luae
368 897 505 961 medium
533 895 620 961 dulci
646 895 830 983 paradisum
857 894 973 960 dividit
999 896 1131 976 umbra,

244 996 373 1060 Obtulit
398 999 538 1058 attonito
566 1013 774 1078 superasque
800 998 945 1059 recessit
968 997 999 1056 in
1026 1011 1130 1058 arces.

244 1093 303 1158 llle
329 1098 439 1157 autem
463 1089 564 1178 longo
589 1098 696 1158 visum
722 1100 800 1177 post
826 1099 976 1176 tempore
1005 1111 1143 1178 granum

242 1189 437 1274 Accipiens,
465 1194 595 1274 superis
621 1196 734 1276 grates
758 1208 980 1274 superumque
1005 1195 1134 1275 parenti

243 1287 351 1353 Solvit
376 1295 411 1349 et
435 1285 553 1353 infodit
578 1293 686 1352 terrae
711 1285 900 1352 venerabile
925 1283 1060 1369 donum,

227 1384 458 1472 =signavitque
485 1384 609 1466 locum,
637 1384 911 1469 circumfusisque
938 1382 1056 1449 beatae
1154 1421 1156 1426 ·

243 1482 387 1568 Sepibus
414 1481 547 1547 inclusit
572 1487 743 1570 surgentia
768 1487 886 1548 vimina
911 1482 1032 1569 frugis.

241 1580 314 1645 Nec
339 1579 472 1666 longum
497 1586 530 1644 in
555 1581 661 1644 medio
688 1587 840 1666 tempus,
867 1601 941 1644 cum
967 1583 1096 1643 rumine
1121 1599 1239 1644 munus

241 1677 471 1744 Foecundante
496 1699 608 1762 suum,
638 1683 738 1742 ramis
764 1677 920 1743 felicibus
946 1679 1065 1764 ingens

241 1776 339 1841 Flore
367 1797 450 1842 noro
477 1776 652 1862 fructuque
679 1793 817 1861 gemens
842 1775 1028 1862 Stygioque
1053 1782 1191 1858 tyranno

241 1873 474 1956 Formidanda‚
501 1873 593 1938 leves
619 1892 656 1936 se
681 1871 821 1936 sustulit
844 1872 941 1938 arbor
967 1877 997 1936 in
1024 1891 1159 1962 auras„

241 1971 319 2055 Ipse
346 1971 502 2037 salutaria
529 1969 636 2035 divino
663 1975 809 2058 germine
836 1976 943 2035 trunci

245 2069 413 2134 Gaudebat
436 2067 547 2154 lapsas
572 2075 659 2132 vires
685 2087 843 2134 revocare
866 2067 1029 2153 fidemque

244 2167 382 2233 Arboris
409 2171 525 2232 intuitu
551 2185 711 2232 renovare
737 2174 837 2250 atque
863 2185 981 2250 aspera
1006 2168 1109 2228 sortia

243 2264 407 2351 Exiliique
433 2263 519 2329 mala
544 2273 581 2328 et
605 2269 719 2328 tristes
745 2263 947 2328 moderarier
973 2269 1096 2326 aestua

244 2363 305 2428 llis
332 2359 471 2445 dapibus
496 2360 688 2444 Sethnsque
714 2369 807 2446 pater
829 2360 988 2445 Setllique
1013 2366 1170 2442 nepotes
1254 2375 1256 2383 ⁴

244 2460 396 2524 Aetatem
423 2457 626 2541 viridemque
652 2457 704 2521 diu
731 2466 863 2522 traxere
882 2455 1052 2540 jacentem

243 2558 444 2642 Longaevae
468 2559 501 2618 in
530 2561 688 2620 narraret
714 2554 822 2620 vivida
847 2553 904 2618 tila
929 2561 1097 2620 senectae.

243 2653 289 2717 At
314 2673 395 2716 vero
422 2651 534 2716 ultrici
560 2673 631 2719 oum
657 2661 857 2739 tempestate
883 2661 1054 2718 nocentem

243 2749 361 2815 Obruit
384 2755 590 2832 omnipotens
613 2758 750 2836 terram,
778 2773 850 2817 oum
877 2751 1042 2816 montibus
1069 2767 1167 2813 ornos

243 2847 417 2932 lntpositas
443 2867 654 2932 quercusque
680 2850 757 2935 polo
785 2854 895 2934 capita
921 2849 989 2913 alta
1013 2846 1163 2912 ferentes

243 2945 424 3017 Sterneret
439 2945 586 3012 indomiti
614 2953 665 3012 vis
691 2952 870 3034 imperiosa
895 2945 1066 3030 profundi,
1170 2939 1178 2948 ’

242 3043 418 3131 Naufragii
445 3050 625 3108 eommunis
651 3051 747 3129 aquis
772 3051 945 3122 immersa,
971 3039 1093 3107 fefellit

242 3140 413 3206 Semiadas
440 3146 592 3225 serisque
618 3147 734 3229 ignota
760 3141 935 3227 nepotibus
962 3139 1079 3219 arbor,

244 3239 381 3303 Dolituit
407 3239 529 3302 multos
555 3239 679 3302 frustra
705 3244 854 3322 quaesita
880 3257 938 3322 per
965 3255 1079 3300 annos.

244 3337 355 3400 Donec
383 3342 427 3414 [si
455 3357 519 3420 qua
544 3336 628 3399 fides
655 3343 798 3398 veterum
829 3342 1034 3398 monumenta
1059 3332 1232 3418 sequenti]

243 3435 269 3498 'l
273 3434 439 3498 lauriferae
467 3440 585 3520 regina
611 3431 737 3510 Sabae,
767 3429 954 3496 Salomonis
979 3431 1020 3495 ab
1046 3432 1122 3496 aula

243 3532 277 3597 lu
306 3537 440 3616 patriam
469 3531 633 3609 reditura,
662 3528 733 3591 Deo
760 3526 964 3610 illustrante,
992 3529 1148 3594 latentem

242 3627 436 3712 Frugiferas
463 3631 548 3690 inter
575 3624 687 3689 Libani
716 3631 882 3690 vernantis
909 3625 1055 3691 alumnas

247 3723 394 3789 Prodidit
421 3731 454 3786 et
480 3742 559 3786 vera
583 3722 733 3788 obscuris
759 3725 952 3812 ambagibus
979 3723 1122 3802 abdens,

246 3821 317 3886 Hoc
343 3826 466 3904 inquit,
493 3828 609 3885 trunco
633 3827 709 3900 [nec
735 3844 786 3887 me
813 3843 896 3888 vana
922 3827 1030 3888 omnia
1054 3819 1187 3893 fallunt)

246 3919 462 3985 dessaeorum
490 3919 610 4003 aliquis
634 3918 724 3986 claro
751 3921 791 3984 de
817 3925 978 4007 sanguine
1002 3937 1135 4006 regum,

248 4017 317 4082 Rex
344 4024 417 4104 ipse
444 4023 478 4082 et
501 4021 598 4102 patrii
623 4016 725 4082 decus
751 4025 784 4082 et
809 4039 890 4104 spes
915 4023 1010 4081 unica
1033 4019 1178 4098 sceptri,

248 4113 457 4200 Suspensus,
487 4113 616 4203 diguam
643 4115 771 4180 meliori
797 4116 913 4180 sunere
939 4121 1037 4178 vitam
