3056 4758
653 253 893 307 ClllllS'l'IADOS

226 441 344 506 Vivida
373 446 421 507 vis
447 448 481 506 et
506 440 594 506 laeto
620 439 774 504 undantia
799 438 921 504 luminu
944 439 1025 504 fletu

227 541 332 605 Dulce
358 561 416 624 per
443 544 614 627 augurium
640 544 812 604 mirantum
838 543 973 622 pectora
998 537 1127 605 ducunt.

227 641 385 705 Continuo
412 637 540 702 effusae
566 637 705 724 genibus
732 637 847 701 crebra
873 631 988 701 oscula
1013 641 1118 700 sacris
1173 655 1177 662 ·

227 737 313 802 Dant
338 735 476 821 pedibus
502 735 695 820 blandisque
722 736 816 799 avide
844 732 1070 817 complexibus
1096 734 1243 798 haerent.

226 835 298 901 Nec
321 836 456 916 modus,
480 853 523 898 ex
549 832 655 897 oculis
680 837 744 895 nisi
767 851 805 897 se
831 831 991 896 subducat
1016 841 1193 912 amantum,

226 932 270 998 Et
294 954 422 996 rursum
448 935 556 996 adrias
581 931 716 1016 fugiens
743 929 892 996 discedat
916 935 947 994 in
974 951 1089 1009 auras,

226 1030 270 1096 Ut
296 1030 455 1097 desolatis
482 1027 595 1092 eadem
622 1027 686 1092 det
703 1029 824 1116 gaudia
848 1031 971 1092 amicis.

324 1224 506 1308 Praecipue
532 1224 648 1306 Petro,
676 1222 770 1307 cnjus
795 1228 972 1288 miseratus
998 1241 1127 1287 amaras

228 1321 417 1386 anscerus
444 1321 617 1386 admissum
644 1323 824 1406 iacrymas,
850 1319 971 1386 solatia
996 1327 1115 1386 amanti

226 1419 400 1484 Accelerat
425 1425 588 1507 promissa
612 1425 696 1504 pius.
748 1418 852 1484 Sacro
879 1417 935 1484 ille
961 1418 1140 1504 sepulchro

226 1517 421 1583 Abscedens
449 1518 541 1601 (dum
565 1517 933 1582 Parthenius·festinat
956 1525 987 1582 in
1015 1519 1127 1583 urbem

228 1616 357 1681 Pernici
385 1637 508 1703 gressu
528 1615 662 1700 juvenis
689 1621 867 1702 sociosque
893 1617 1025 1698 revisit]
1112 1658 1117 1664 -

226 1714 359 1780 Maturo
374 1719 534 1803 ,seqnitur
559 1735 681 1800 passu,
707 1733 820 1778 secum
845 1719 916 1798 ipse
941 1713 1115 1779 revolvens

228 1814 263 1878 ln
290 1819 389 1877 vitam
415 1811 545 1878 reducis
572 1811 660 1876 clarc
685 1820 880 1899 argumenta
905 1817 1066 1900 magistri.

228 1909 393 1996 Spemque
419 1919 606 1994 metumque
633 1915 733 1990 inter,
761 1915 900 1997 geminis
928 1931 988 1974 ceu
1010 1909 1165 1980 fluctibus
1189 1917 1281 1976 actus

228 2009 412 2090 Haerebat,
440 2030 513 2074 num
540 2029 619 2073 sese
646 2007 750 2072 oculis
780 2028 953 2093 coramque
980 2007 1153 2073 videndum
1190 2086 1193 2094 .

229 2107 394 2172 immerito
422 2107 523 2174 Deus
552 2106 670 2171 infidae
696 2116 773 2192 post
800 2113 934 2171 crimina
960 2107 1093 2194 linguae

229 2205 408 2270 Annueret.
460 2204 535 2269 ilua
561 2205 677 2270 deinde
704 2225 798 2284 reus,
827 2224 890 2291 qua
916 2205 1023 2270 fronte
1049 2205 1209 2289 quibusve

229 2302 377 2368 Auderet
402 2303 592 2384 Dominum,
620 2311 712 2368 tanto
738 2303 894 2389 dignatus
919 2305 1063 2382 honore,

229 2399 297 2466 Aut
321 2400 428 2464 oculis
454 2407 604 2485 spectare
631 2410 687 2464 aut
711 2421 850 2464 exorare
876 2400 1027 2485 loquelis.

230 2497 324 2562 Talia
350 2502 496 2561 versanti
521 2517 600 2561 sese
626 2499 726 2566 Deus
754 2497 875 2561 obtulit
900 2497 1004 2581 ultro,

230 2592 370 2660 Sidereo
398 2593 532 2682 fulgore
557 2600 698 2676 micans,
725 2595 932 2683 genibusque
958 2594 1102 2660 volutum

229 2692 494 2778 Tendentemque
518 2715 632 2758 manns
659 2695 771 2758 ambas
796 2700 991 2780 veniamque
1017 2700 1223 2781 precantem,

229 2789 308 2872 Illo,
333 2781 560 2875 quo'nebulas
586 2797 733 2878 irataque
760 2791 895 2858 fulmina
921 2793 1012 2857 vultu

230 2888 387 2970 Discutit,
415 2893 598 2971 aspiciens,
624 2895 702 2955 mira
725 2890 895 2954 dulcedine
920 2899 1060 2954 mentem

230 2986 360 3052 Circum
386 2986 469 3051 indit
493 2996 528 3051 et
552 2993 723 3053 attonitum
751 3008 811 3051 nec
834 2993 925 3050 tanta
948 2987 1109 3052 ferentem

230 3082 355 3150 Gaudia
380 3089 412 3149 vi
438 3083 550 3149 subita
574 3094 690 3170 raptus
716 3105 776 3170 per
802 3091 897 3149 inane
924 3084 1067 3169 reliquit.

230 3181 290 3247 lile
316 3190 442 3264 antem,
469 3191 505 3246 ut
528 3189 663 3266 primum
690 3183 753 3247 sibi
778 3182 941 3264 redditus,
968 3203 1068 3267 ocyor
1090 3199 1189 3260 aura,

231 3279 407 3368 Praecipiti
433 3301 531 3344 cursu
556 3279 661 3345 valles
688 3299 859 3362 emensuS,
887 3285 918 3343 in
934 3281 1057 3346 urbem

231 3376 405 3442 Accelerat
430 3388 591 3463 notasque
619 3377 733 3442 hilaris
759 3377 909 3443 succedit
933 3385 965 3444 iu
994 3378 1115 3454 aedes,

232 3471 330 3537 Certa
354 3475 519 3540 relaturus
546 3476 685 3563 trepidis
711 3476 833 3542 solatia
858 3483 981 3542 amicis.

326 3666 371 3731 At
397 3675 489 3751 parte
514 3690 555 3734 ex
582 3669 647 3734 alia
673 3671 765 3734 miles
792 3671 976 3752 Romanus,
1003 3677 1034 3734 in
1062 3669 1175 3734 urbem

230 3766 436 3853 Diffugiens,
464 3766 610 3850 patribus
637 3767 751 3832 tumuli
779 3770 937 3835 miracula
961 3767 1073 3852 pandit

230 3865 274 3930 Et
300 3865 509 3933 CHRISTUM
535 3864 577 3929 ad
604 3884 745 3948 superos
769 3867 863 3930 salvo
887 3865 1030 3930 rediisse
1057 3864 1246 3949 sepulchro.

231 3961 333 4044 Sese,
358 3962 461 4028 oculis
487 3961 594 4028 divum
620 3962 766 4026 flammas
792 3964 994 4028 vibrantibus
1019 3969 1130 4044 actos,

230 4060 406 4147 Praecipiti
430 4082 489 4147 per
515 4080 593 4126 rura
618 4061 697 4146 iuga
723 4065 900 4147 quaesisse
926 4059 1076 4126 salntem.

230 4156 381 4223 Monstro
400 4164 572 4246 insperato
598 4160 748 4226 turbatus
774 4159 934 4225 inborruit
959 4159 1089 4240 ArrnaS,
