3060 4752
137 247 271 302 cra-ms
669 242 778 298 amun
803 243 866 298 xri.
1331 249 1404 320 279

225 431 312 499 ssuid
337 431 468 520 loquar,
495 437 533 496 ut
558 449 707 514 mmsae,
734 431 871 518 dapibus
898 435 1039 516 vinoque
1064 439 1255 518 gementes,

225 531 434 616 Deliciasque
459 529 559 618 gulae
586 530 812 596 insaturabilis
838 535 872 594 ct
896 549 999 617 grave
1023 528 1150 614 puudus

224 629 363 718 Pinguis
390 627 585 713 aqualiculi,
611 627 826 692 deliramenta
851 627 978 692 cerebri

224 725 430 811 Erroresquc
445 725 592 810 pedum,
618 733 715 809 caput
741 733 950 812 expugnante
975 724 1119 807 falerno,

223 824 389 909 lmpacata
413 822 517 890 fames
541 843 681 909 serpeus
706 843 767 910 per
792 825 922 887 viscera
945 822 1085 908 plectat,

221 920 330 1007 Atque
352 919 483 986 infanda
508 927 595 987 sitis.
644 921 718 986 Nec
743 937 847 1006 aquae
872 919 926 985 vel
949 919 1098 986 turbidae
1124 926 1157 984 iu
1181 938 1275 984 omne

166 1081 174 1098 ,
221 1017 325 1084 Unica
348 1025 442 1105 gutta
468 1039 585 1084 aevum
609 1018 803 1084 furibundae
829 1017 980 1084 incendia
1005 1017 1157 1104 liuguae,

221 1117 295 1184 Nec
320 1121 461 1202 cereris,
487 1115 613 1204 putidis
639 1135 795 1181 corrosae
822 1137 844 1180 a
866 1117 1029 1200 muribus,
1057 1137 1154 1182 uuum

223 1216 375 1282 crustum
398 1218 573 1301 importuni
599 1214 722 1278 rabiem
745 1219 971 1300 tormentaque
998 1220 1122 1280 ventris

222 1313 401 1381 lruminuet.
452 1312 599 1378 Teucros
625 1316 681 1399 qui
708 1311 825 1376 Serum
850 1311 1005 1378 mollibus
1030 1318 1122 1376 artus

222 1408 411 1475 Velleribus
437 1409 598 1496 quondum
621 1409 725 1478 fultus
750 1409 935 1495 plumisque
961 1413 1132 1494 rosisque,

222 1507 284 1573 Vix
309 1510 420 1594 potuit
441 1527 590 1574 somrmm
617 1512 754 1572 invitare
780 1513 971 1588 immersus,
997 1511 1029 1570 in
1057 1527 1151 1572 omne

221 1604 266 1671 Ut
290 1624 368 1669 sese
393 1602 483 1670 latus
509 1611 653 1670 invertat
676 1605 756 1687 (ceu
783 1611 905 1670 vermis
931 1611 1040 1669 avaris

221 1702 372 1788 Undique
397 1701 544 1768 formicis
569 1702 763 1784 admorsus,
778 1705 878 1787 victa
902 1701 1018 1767 dolore

221 1799 318 1866 lllille
343 1799 447 1864 trahit
469 1801 675 1886 retrahitque
697 1800 805 1865 nrodis
832 1807 866 1865 et
891 1799 979 1865 mille
1005 1818 1065 1885 per
1090 1796 1190 1863 orbes

222 1896 372 1962 Membra
396 1904 502 1976 rotat)
529 1898 618 1963 nulla
643 1898 764 1963 fruitur
790 1897 942 1984 nullaque
967 1897 1098 1961 fruetur

222 1993 402 2058 Aeternum
427 2000 551 2080 requie.

224 2088 310 2155 ssuid
337 2090 476 2154 referam
502 2097 679 2156 innumeris
699 2090 797 2176 jecur
821 2089 1005 2155 immortale
1019 2095 1170 2156 ,cerastis

223 2187 410 2275 Perstringi
435 2195 603 2254 aeteruum
628 2189 824 2274 furtivisque
849 2187 1013 2276 anguibus
1040 2193 1122 2252 iuras

222 2281 361 2348 Perrodi
387 2282 487 2350 librar
514 2285 701 2373 nullamque
727 2286 766 2352 ad
794 2283 928 2352 vulnera
955 2293 1094 2351 mortem
1142 2319 1143 2322 ยน

221 2380 365 2448 Adorei)
390 2393 551 2467 perpetuu
577 2384 793 2450 morientibus
821 2382 879 2448 illa
904 2390 1064 2471 negatur,

187 2563 193 2572 .
224 2477 299 2544 ssuu
324 2498 454 2563 semper
476 2486 677 2567 <moriuutnr3
703 2482 799 2548 adest
822 2486 854 2546 iu
881 2487 1021 2546 tormina
1046 2499 1194 2565 semper,

223 2574 361 2661 Semper
386 2577 482 2641 abest
506 2577 669 2664 finemque
694 2578 790 2644 mulis
816 2585 982 2663 imponere
1008 2583 1126 2644 nescit.

223 2672 393 2738 Morsibus
420 2673 490 2755 bis,
516 2675 569 2738 lrls
595 2687 785 2758 serpentum
810 2697 902 2742 meus
928 2682 1043 2742 saucia
1066 2677 1191 2765 linguis

222 2770 347 2835 lutuitu
374 2776 524 2851 memori,
551 2771 666 2835 uolens
693 2772 859 2856 volvitque
886 2773 1039 2857 videtque

223 2865 378 2932 Mortalis
404 2874 492 2934 vitae
517 2867 619 2949 bona,
648 2887 733 2952 quae
759 2873 902 2954 periisse
930 2874 1058 2933 corusci

223 2965 379 3030 Fulminis
405 2973 462 3030 aut
488 2971 599 3031 vernis
624 2965 766 3050 Zephyri
793 2965 941 3031 velocius
966 2965 1030 3032 alis
1067 3019 1069 3027 .

222 3063 379 3150 Ingemit,
407 3071 442 3128 et
465 3063 568 3144 mala,
595 3083 679 3148 quae
706 3063 834 3152 Stygiis
862 3063 1012 3128 damnata
1038 3068 1188 3128 cavernis

223 3159 300 3224 dam
325 3165 449 3243 potitur
475 3181 623 3246 quaeque
650 3161 702 3225 bis
728 3182 823 3228 orune
848 3181 1026 3227 accessura
1057 3181 1116 3245 per
1149 3183 1276 3227 aevum.

223 3252 266 3319 Ut
291 3254 344 3320 vel
369 3257 543 3344 suppliciis
566 3263 720 3323 miserem
745 3258 987 3324 involventibus
1013 3258 1110 3324 aulae

224 3351 391 3418 coelestis
416 3374 529 3440 paoem
554 3355 818 3442 fortunatumque
845 3361 990 3441 quietem

223 3449 408 3516 Coclituum
433 3452 609 3536 expendat,
636 3473 777 3540 seroque
804 3461 939 3520 incensa
964 3453 1097 3536 dolore,

223 3547 297 3613 Nou
324 3549 522 3633 profecturis
547 3549 703 3636 lacrymis
728 3572 806 3616 sere
832 3558 908 3636 ipsa
932 3571 1092 3636 suamquc

223 3643 400 3712 Stultitiam
426 3646 581 3736 plangat3
608 3669 694 3734 quae
718 3648 826 3714 divum
852 3649 972 3737 gaudia
997 3648 1120 3734 pridem

223 3740 411 3828 Sprcverit,
438 3751 553 3810 insano
580 3745 688 3810 muudi
714 3746 873 3834 fugientis
896 3768 1008 3813 amore

222 3839 317 3905 Victa
342 3841 545 3931 Dioneisque
571 3842 689 3911 ardeus
715 3844 907 3930 praecordia
934 3845 1024 3912 telis.

321 4032 395 4098 Non
422 4055 504 4124 ego,
534 4043 564 4103 si
597 4048 724 4105 centum
747 4047 907 4106 resonent
931 4039 1010 4104 milri
1037 4034 1170 4101 vocibus
1197 4056 1257 4100 ora

224 4127 291 4196 Aut
317 4151 431 4197 omues
456 4135 621 4202 scelerum
645 4136 749 4204 furias
775 4157 968 4223 percurrere
994 4141 1146 4216 certem,-
