3056 4758
559 229 562 234 '
661 217 902 274 dimiseramus
1280 225 1426 276 reo-787

233 396 285 462 Ne
310 417 389 464 vero
415 404 479 485 ipsi
502 406 620 486 etiam,
646 407 870 468 summumne
897 402 1069 486 praesule,
1096 404 1244 472 habenas

233 497 336 578 [Nam
364 498 463 564 facile
490 506 524 565 is
550 519 708 587 praeceps
735 521 836 584 prono
863 500 1040 569 delabimur
1065 507 1169 585 amni,

233 595 404 680 Cereaque
430 601 461 660 iu
487 601 601 664 vitium
628 598 716 668 flecti
741 598 915 664 erubitiosa
941 603 1108 684 potestas)

233 693 410 757 Pontifices
436 693 554 760 sceleri
580 695 706 776 laxent,
735 717 818 762 nova
844 694 999 782 dogmata
1024 703 1110 764 inani

232 789 353 856 Laudis
378 812 490 856 amore
516 792 570 857 vel
598 794 720 858 invidia
745 791 933 858 stimulante
959 794 1114 862 recudent

231 887 273 952 Et
298 888 427 973 plebem
452 893 483 952 io
510 898 624 971 partes
650 889 895 970 scindant,.bis
922 893 1071 970 erunibus
1098 913 1195 958 orrum

232 986 407 1052 Praefieiet
433 985 649 1071 CHRISTUS,
676 994 826 1077 gemim
853 995 907 1073 qui
931 1009 1065 1054 munere
1091 989 1193 1057 clavis

232 1081 438 1162 ductusstut
463 1090 613 1166 aequatis
640 1085 820 1152 dimensum
846 1086 995 1171 partibus
1021 1107 1138 1154 aunum

233 1180 297 1244 Per
324 1179 474 1244 duodena
497 1188 589 1270 regit
607 1183 665 1248 sol
692 1183 953 1250 formosissimus
977 1185 1088 1268 astra)
1132 1185 1137 1198 ‘

232 1277 410 1342 Pontifices
435 1287 531 1366 regat
554 1285 908 1366 imperiosacrumque
934 1289 1092 1365 paternae

231 1373 428 1458 Depositum
454 1375 547 1460 fidei,
576 1369 715 1464 cuplosa
741 1382 903 1458 novitate,
929 1398 989 1464 per
1013 1399 1129 1446 omnes

230 1469 383 1536 Proferat
408 1481 441 1538 et
466 1474 573 1539 firmet
597 1483 716 1564 gentes
746 1483 780 1538 et
804 1474 922 1542 tradita
947 1483 1073 1559 patrum

230 1566 395 1656 Dogmata
423 1581 582 1656 perpetuo
610 1573 700 1638 cultu
726 1571 851 1636 illibata
878 1578 981 1638 teneri

230 1664 389 1751 Imperet,
418 1675 563 1734 aeternis
589 1670 774 1755 subjectum
801 1669 930 1757 legibus
954 1670 1067 1736 orbem

141 1789 143 1794 ·
230 1763 323 1849 Dux,
350 1764 467 1849 Pater,
495 1764 664 1851 Antiates,
691 1767 809 1832 Pastor
835 1767 1021 1852 custosque
1042 1766 1207 1853 gubernet

230 1860 304 1924 Non
329 1870 393 1925 tam
419 1864 582 1947 praesidio
608 1884 768 1935 armorum
790 1863 940 1950 justique
966 1869 1111 1934 eruentis

230 1956 398 2044 Auspiciis
424 1959 519 2044 belli,
547 1983 643 2048 quam
669 1982 764 2027 sucro
789 1961 942 2046 fulmine,
968 1968 999 2029 in
1026 1978 1139 2028 omues

231 2055 362 2142 Imperii
391 2064 633 2146 contemptores
659 2068 694 2124 et
719 2065 857 2124 numinis
883 2059 1001 2126 hostes

233 2154 434 2222 Christiadas
459 2157 621 2241 cribrato,
647 2156 795 2244 dirisque
820 2157 1008 2225 tremendis.

330 2352 458 2416 Primus
480 2358 512 2416 in
536 2353 599 2416 boc
621 2353 786 2422 CHRISTI
809 2351 985 2416 manifesto
1008 2353 1140 2416 crumina
1159 2350 1284 2418 culmen

232 2445 398 2535 Assurget
423 2449 559 2527 Petrus,
586 2447 736 2514 duodeno
762 2469 803 2512 ex
829 2452 958 2535 agmine
984 2445 1111 2514 lectus

230 2545 361 2610 Vivacis
386 2544 461 2608 fidei
487 2548 622 2608 meritis.
672 2544 758 2609 Huic
784 2551 920 2629 mystica
946 2563 1091 2611 summae

229 2639 334 2729 Signa
358 2645 551 2726 potestatis,
578 2641 689 2708 claves
715 2648 867 2726 promisit
893 2640 1034 2728 Olympi.

229 2739 288 2804 llle
319 2738 394 2804 olim
420 2738 528 2804 mundi
555 2739 903 2824 domina,'CHa1sTo
929 2745 1084 2826 auspice,
1109 2743 1141 2805 in
1169 2736 1249 2806 urbe

228 2836 404 2904 Aeternam
431 2836 511 2925 figet
537 2837 725 2904 cathedram
753 2837 929 2922 clavesque
955 2842 1150 2921 mitramque

230 2934 330 3002 Orbis
356 2941 387 3000 in
413 2940 548 3002 extremi
575 2935 732 3000 tumulum
758 2935 966 3001 transfundet
988 2938 1021 2998 in
1047 2952 1161 3000 omrres

228 3033 395 3101 Romanae
421 3053 664 3097 conscensuros
686 3033 823 3118 fastigia
848 3030 947 3096 aedis.
1085 3085 1092 3090 .

229 3131 400 3196 Pontifieis
428 3129 515 3195 Petri
542 3135 719 3214 auspiciis,
745 3127 804 3192 illa
827 3127 949 3212 inelyte
974 3126 1079 3191 Roma

229 3228 403 3315 Imperium
425 3231 543 3308 terris,
571 3232 697 3291 animos
721 3226 875 3309 aequabit
901 3224 1059 3309 Olympo,

229 3322 316 3388 Urbs
342 3329 473 3388 nimium
499 3323 595 3389 felix!
622 3345 706 3410 quae
733 3322 953 3408 pastoralibus
980 3325 1080 3386 armis

231 3419 448 3503 complexura
472 3422 601 3503 orbem,
628 3442 712 3506 quos
738 3418 903 3486 debellare
929 3423 1071 3485 eruentis

229 3513 395 3579 Bellorum
420 3517 516 3582 furiis
543 3524 656 3605 nequit
683 3525 717 3584 et
742 3517 905 3584 Mavorte.
921 3514 1067 3582 secundo

228 3610 416 3699 Relligione
443 3623 569 3698 premet
594 3615 802 3700 domitusque
828 3621 859 3680 in
886 3615 995 3680 sidera
1020 3611 1125 3678 tollet.

229 3711 347 3776 Tutior
372 3716 508 3774 aeterne
532 3713 701 3794 cathedra,
725 3711 855 3778 felicior
880 3733 964 3778 urna

230 3808 396 3874 Exanimis
421 3806 526 3888 Petri,
555 3829 650 3893 quam
674 3815 774 3894 (quac
799 3809 915 3874 fatalia
934 3807 1055 3890 jactat)

229 3904 377 3970 Palladio
403 3905 556 3993 Phrygiis
583 3915 698 3989 erepto
726 3927 766 3971 ex
792 3909 944 3992 ignibus,
971 3903 1038 3969 alto

230 4001 376 4068 Aethere
402 4001 547 4089 delapsis
572 4001 743 4070 docilibus
770 4010 805 4067 et
830 4001 969 4090 Capitoli

230 4098 323 4186 Rupe
349 4121 446 4167 sacra
471 4121 619 4188 quasque
644 4105 718 4188 ipse
743 4098 804 4164 sibi
834 4100 1043 4168 circumdedit
1069 4119 1174 4166 areas.
