3058 4762
103 189 246 301 'aac-am
649 211 759 264 nram
776 211 848 263 xvi.

201 395 390 478 Auspiciis,
417 402 516 479 capnt
540 395 633 460 orbis
659 401 723 460 erit
747 405 972 481 summamque
997 397 1160 480 tribunal,

200 493 260 556 Cui
287 513 325 556 se
351 497 506 576 purpurei
531 513 634 578 prona
660 501 789 558 cervice
815 499 959 580 tyranni,

200 589 326 654 Cuise
351 589 543 655 Pontificum
569 598 603 654 et
630 601 758 674 patrum
785 597 1016 656 sacratissimus·
1039 593 1137 676 ordo,
1214 623 1216 630 ·

199 687 475 775 Christiadaeqne
501 710 574 753 meo
601 710 716 753 nornen
744 689 783 753 de
810 696 938 754 nomine
964 698 1083 777 gentes

200 783 429 870 Accepturae,
454 790 573 851 animis
600 787 811 873 humerisque
837 788 1023 853 volentibus
1050 808 1165 852 omnes
1193 847 1197 852 .

199 881 380 966 Subjiccnt.
432 883 576 948 Nitidum
602 873 677 948 dum
702 884 755 949 sol
781 883 936 950 lustrabit
961 885 1150 970 Olympum,

200 979 354 1045 Oceanus
381 987 546 1068 geminum
572 980 644 1046 dum
670 982 823 1046 fluctibus
849 984 970 1047 ambiet
996 984 1125 1065 orbem,

199 1077 249 1141 Te
275 1097 377 1163 penes
401 1098 495 1142 omne
522 1084 602 1162 mei,
630 1099 694 1164 qua
721 1079 790 1160 sol,
818 1085 994 1164 oriensque
1020 1081 1225 1168 cadensque,

200 1173 351 1264 Respicit
376 1174 562 1258 Oceanum,
583 1175 640 1260 jus
669 1184 705 1240 et
729 1177 938 1242 moderamen
965 1178 1078 1259 ovilio,

201 1271 244 1335 Et
269 1279 479 1340 successuris
506 1279 536 1337 in
563 1274 743 1360 pastoralis
769 1276 924 1338 honorem

201 1367 361 1435 Culminis
386 1377 555 1451 eximium,
582 1381 615 1435 te
642 1371 844 1453 decedente,
872 1372 1021 1437 manebit.

201 1465 312 1530 Macte
338 1474 444 1531 animo
473 1481 506 1534 et
530 1469 646 1556 dignas
673 1474 818 1553 supremi
846 1475 980 1555 concipe
1007 1491 1102 1534 curas

200 1563 370 1628 Praesulis
396 1566 506 1631 officio
533 1575 567 1630 et
593 1567 723 1631 Domini
751 1572 893 1654 vestigia
919 1567 982 1632 fido

201 1659 381 1745 Insequere
407 1664 588 1749 impavidus
615 1672 791 1747 praerupta
817 1687 876 1749 per
900 1665 1003 1729 ardna
1028 1684 1158 1751 gressu.

200 1756 274 1822 Nec
293 1767 429 1823 mortem
452 1760 655 1848 implacidam
672 1769 728 1824 aut
745 1761 899 1826 Barathri
921 1781 1105 1849 regumque
1124 1762 1256 1826 furores

200 1852 382 1940 Oppositos
409 1857 546 1942 trepida.
599 1857 700 1926 Vanis
726 1858 903 1924 insultibus
929 1859 1031 1943 unda,

201 1949 291 2015 llanc
319 1963 444 2038 petram
469 1961 682 2042 impugnans,
710 1962 836 2038 spumis
864 1956 953 2021 illisa
981 1957 1105 2022 refusis

200 2047 363 2115 Dissilict.
415 2052 551 2137 Rapidis
577 2061 758 2136 tempestas
783 2053 877 2118 ebria
902 2060 1028 2134 ventis,

198 2146 273 2210 Non
301 2150 476 2215 exorandis
502 2157 650 2235 quamuis
676 2159 799 2222 armato
824 2150 998 2236 procellis,

199 2243 318 2328 Petne,
348 2255 436 2311 tuam
462 2253 580 2313 circum
606 2248 724 2312 fremat
750 2267 910 2313 eversura
935 2254 1077 2314 carinam

198 2341 284 2407 Tuta
310 2351 478 2409 catenatos
505 2344 655 2410 ridebunt
681 2345 821 2409 carbasa
846 2345 964 2410 fluctus

202 2439 244 2503 Et
269 2439 402 2528 longum
429 2450 541 2526 optato
567 2447 691 2508 servati
718 2447 749 2504 in
778 2441 888 2508 littore
915 2451 1033 2508 tractae
1062 2465 1065 2476 ·

203 2535 301 2600 Grata
327 2543 382 2624 pio
406 2560 558 2624 superum
586 2539 778 2626 persolvent
799 2546 944 2605 carmina
969 2548 1051 2629 regi.

202 2632 311 2698 Macte
338 2642 444 2699 animo
472 2646 505 2702 et
531 2638 628 2702 claris
653 2638 783 2724 dignum
807 2646 839 2701 te
865 2639 956 2724 finge
978 2639 1169 2722 trophaeis,

203 2731 298 2797 (luae
322 2733 381 2797 tibi
409 2741 499 2798 certa
523 2744 672 2821 manent3
698 2755 773 2797 mea
797 2754 855 2817 per
880 2741 1022 2822 vestigia
1047 2744 1186 2822 surgent

202 2828 355 2914 Martyrii
382 2830 500 2896 decora
526 2833 592 2897 alta
617 2839 686 2916 tni3
720 2855 782 2895 non
809 2831 954 2918 degener
981 2833 1101 2896 lraeres

202 2925 350 2992 Ausonio
376 2935 501 2994 vinctas
526 2929 642 2995 tendes
669 2935 700 2992 in
730 2933 842 3014 stipite
869 2928 1003 3011 palmas.

201 3023 350 3089 Dixerat.
404 3025 446 3090 At
474 3029 612 3106 Petrus,
639 3033 765 3115 ingenti
793 3025 965 3111 perculsus
992 3027 1135 3108 honore,

201 3113 265 3186 Vix
293 3142 331 3184 se
353 3124 419 3207 jam
447 3133 536 3212 capit
561 3131 652 3209 ipse,
679 3125 765 3188 nova
793 3123 962 3188 dulcedine
991 3131 1131 3187 mentem

201 3217 354 3283 Perditns
379 3228 478 3305 atque
506 3222 601 3286 hilari
629 3241 782 3305 promens
811 3242 878 3284 sua.
898 3221 1020 3308 gandia
1046 3219 1148 3284 vultu.

201 3315 275 3380 Non
301 3325 408 3381 tamen
436 3324 614 3400 unanimis,
643 3340 703 3381 non
731 3317 786 3380 ille
814 3318 936 3382 oblitus
963 3323 1075 3399 amici,

204 3413 361 3478 Exultans
384 3414 464 3478 licet
488 3425 588 3498 atquc
614 3420 739 3480 animos
765 3415 804 3478 ad
834 3415 942 3479 sidera
967 3415 1107 3498 tollens3

201 3511 351 3596 Namque
378 3513 431 3574 ubi
453 3511 598 3594 jucundo
624 3511 818 3576 arridentem
846 3511 967 3577 lumine
993 3513 1075 3577 vidit

202 3607 456 3695 Gratantemque
483 3611 546 3672 sibi
567 3608 739 3691 juvenem,
768 3613 942 3672 miseratus
970 3616 1150 3688 amantem,

203 3705 306 3783 [ssnid
335 3729 394 3770 non
423 3705 520 3770 audet
545 3706 682 3788 amori)
708 3710 839 3788 pietatis
865 3711 1006 3792 imagine
1034 3711 1157 3770 uictus:

202 3803 325 3877 Parce,
351 3809 413 3887 ait,
441 3805 594 3868 indomito
621 3800 749 3882 famuli,
778 3803 990 3883 charissime,
1018 3809 1119 3867 amori

106 3957 112 3971 ,
203 3897 478 3985 supplicibusque
506 3907 578 3986 pius
607 3904 693 3964 votis
720 3899 842 3964 accede
868 3900 1013 3984 mihique

202 3995 328 4061 Et‘tibi
356 3997 506 4064 dilectum
530 3999 685 4083 juvenem
711 4018 855 4083 praeque
880 3998 1029 4062 omnibus
1055 4015 1169 4077 unum,

204 4094 298 4159 (luae
325 4116 418 4176 sors,
445 4101 518 4181 quis
546 4103 656 4160 castae
681 4086 810 4162 maneat
836 4102 925 4160 vitae
950 4099 1075 4175 exitus,
1102 4091 1210 4158 ede!-
