3056 4758
658 259 902 315 cflalsrxnnos

231 443 404 526 Solveret,
430 451 591 512 assertam
618 467 777 512 revocans
803 453 836 511 in
863 445 973 512 sidera
997 453 1139 534 gentem.

231 542 339 628 Atque
365 542 438 607 ideo
465 549 574 608 eximii
601 543 806 631 perfunctum
833 566 964 610 munere
991 551 1111 610 amoris

230 641 360 725 Excipit
387 663 561 706 occurrens
587 643 748 728 laterique
773 643 942 728 amplexus
968 643 1119 709 inhaeret

229 740 460 824 Victoremque
487 747 538 806 sui
565 740 695 805 deducit
721 747 751 803 ln
777 745 863 804 atria
887 747 990 826 regni.

229 836 316 900 Urbe
344 857 443 922 super
470 839 591 918 medie,
619 837 706 900 nullo
732 843 812 901 satis
841 857 899 900 ore
927 837 1071 902 canenda

229 932 397 1014 lmnrensi‚
424 941 548 999 aeterni
577 942 718 1020 snrgunt
742 935 878 1020 fastigia
903 935 1027 1022 templi.

230 1031 417 1096 Parietibus
445 1031 589 1096 miranda
614 1032 724 1095 tribus
744 1031 964 1098 circumdatur
990 1031 1093 1098 aedes

230 1127 351 1193 Circuli
379 1134 409 1190 in
438 1129 602 1216 effigiem3
633 1151 729 1213 quam
756 1129 877 1212 triplex
902 1130 1044 1218 angulus
1071 1151 1179 1215 aequo

228 1225 301 1292 Nec
326 1225 462 1290 laterum
489 1236 595 1291 tractu
622 1247 682 1291 nec
706 1227 868 1291 frontibus
899 1228 1031 1313 impedit
1057 1233 1184 1313 aequis.

229 1325 313 1388 Nam
341 1323 446 1386 tribus
474 1347 555 1389 unus
582 1327 705 1408 honos,
734 1325 817 1389 idem
842 1325 964 1407 decus,
994 1345 1055 1390 uua
1081 1325 1225 1390 colorum

230 1420 341 1484 Gloria
368 1425 457 1484 etin
485 1445 619 1487 nurnero
644 1424 700 1499 lux
727 1444 789 1484 non
816 1423 1011 1488 numeranda
1038 1432 1201 1487 coruscat.

229 1516 359 1582 Aureus
387 1518 472 1583 bunc
498 1521 630 1584 decorat
656 1519 830 1606 splendor,
859 1520 1061 1584 clarissimus
1087 1520 1177 1584 illurn

228 1615 391 1680 Nobilitat
417 1616 503 1682 lucis
530 1618 667 1698 candor,
693 1619 794 1680 rubor
818 1621 936 1704 igneus
963 1628 1056 1682 ornat

228 1714 396 1800 Tertium3
425 1723 514 1780 etin
540 1714 638 1778 fulvo
658 1721 782 1798 pariter
808 1715 994 1800 candorque
1021 1716 1185 1800 ruborque

228 1812 391 1882 lrradiens
419 1832 497 1877 auro
525 1819 626 1894 uitet3
652 1819 684 1876 in
712 1811 852 1877 candore
879 1812 1029 1878 ruborem

229 1908 319 1996 lgnis
348 1919 381 1974 et
408 1915 602 1974 auricomarn
629 1910 739 1974 videas
765 1907 998 1994 splendescere
1025 1910 1153 1994 lncem3

229 2007 400 2090 Purpureo
428 2008 600 2072 candorem
627 2028 806 2092 aurumque
833 2013 952 2071 micare
979 2008 1040 2071 sub
1067 2012 1155 2093 igue.
1198 2033 1200 2040 ’

228 2105 314 2169 Tres
340 2126 403 2168 uno
430 2105 607 2190 implicitos
635 2106 744 2170 lucere
774 2104 885 2169 colore
912 2103 1062 2190 coloresq

229 2202 272 2267 Et
297 2205 402 2267 tribus
428 2203 618 2287 implicitum
643 2202 774 2290 fulgere
801 2201 965 2266 coloribus
993 2223 1099 2266 unum.

231 2300 304 2364 Non
331 2304 434 2363 rninor
460 2300 513 2364 bic
538 2297 611 2381 illo,
639 2317 700 2364 non
728 2298 896 2388 pulchrior
921 2299 977 2362 ille
1004 2298 1147 2380 dnobuS‚

229 2397 304 2462 Non
332 2419 415 2460 unus
443 2399 545 2461 tribus
572 2407 629 2462 aut
654 2419 717 2461 uno
744 2406 822 2460 tres.
875 2398 1036 2460 Omnibus
1062 2396 1146 2460 idem

229 2494 360 2581 Regnat
384 2494 489 2558 bonos
516 2493 695 2577 eademque
721 2499 898 2558 immensae
925 2493 1033 2580 gloria
1061 2495 1156 2558 lucis.

231 2591 325 2656 (luae
351 2590 429 2654 licet
457 2589 626 2677 Aligerum
654 2609 732 2654 sese
759 2591 939 2655 clarissima
966 2596 1100 2673 turmis,

230 2687 498 2773 Coelicolumque
526 2687 631 2752 oculis
660 2688 835 2752 manifesto
863 2689 972 2753 sidere
996 2688 1131 2775 ¹fulgens
1231 2733 1234 2740 ,

230 2787 397 2873 Explicet,
424 2791 612 2850 immensum
640 2795 746 2850 tamen
775 2787 953 2850 exhaurire
979 2787 1099 2851 tuendo

230 2883 424 2971 Fulgorern,
453 2882 601 2970 Aligeris
628 2889 753 2970 pariter
778 2883 938 2968 Divisque
964 2893 1115 2972 negatum
1142 2892 1217 2947 est·

231 2981 305 3046 Non
332 3002 372 3044 ea
398 2988 447 3045 vis
472 2981 594 3059 oculis,
623 3004 684 3046 non
710 2988 798 3045 tanta
824 2987 970 3064 potentia
996 2990 1123 3046 mentes

231 3079 257 3144 E
285 3079 385 3144 nihilo
414 3088 505 3144 natas
531 3091 737 3166 angustaque
763 3086 896 3163 pectora
922 3078 1017 3142 tollit.

329 3275 435 3360 Hujus
461 3281 491 3340 in
518 3281 645 3340 arcanis
672 3276 783 3361 templi
812 3275 1034 3359 penetralibus
1061 3282 1133 3359 ipse

231 3377 461 3457 compositus,
487 3374 572 3438 solio
598 3374 744 3438 flammas
774 3373 940 3452 vibrante,
969 3373 1108 3442 sedebat

231 3474 447 3552 Omnipotens
474 3475 615 3558 genitor.
664 3471 833 3535 Cervicem
861 3470 1078 3556 humerosque
1105 3468 1252 3534 sedentis

232 3570 349 3632 Purior
373 3572 495 3632 intacto
524 3574 637 3633 niveae
666 3589 760 3632 corna
785 3567 908 3632 vellere
932 3569 1027 3634 lanae

233 3663 440 3731 Circumfusa
464 3672 564 3751 tegit,
593 3664 796 3749 mediumque
824 3674 986 3751 argentea
1011 3667 1113 3730 barba

232 3763 265 3827 ln
293 3769 408 3846 pectus
435 3761 592 3846 producta
617 3763 712 3826 cadit.
764 3763 921 3826 Diadema'
947 3764 1085 3849 capillos

233 3861 398 3947 castigat,
426 3857 546 3944 triplici
573 3860 786 3925 scintillarum
814 3859 927 3923 ordine
953 3881 1098 3946 surgens

233 3956 410 4022 Stellarum
434 3955 625 4040 coelumque
652 3979 712 4022 suo
739 3955 870 4044 fulgore
896 3975 1066 4022 serenans.

234 4055 352 4119 Purior
379 4064 536 4142 argento,
568 4059 642 4118 nive
670 4058 793 4140 virgine
820 4059 946 4140 gratior
971 4061 1065 4118 ornat

233 4152 456 4238 Compositum
483 4152 567 4216 sollo
595 4157 709 4218 vestis.
733 4197 735 4202 -
763 4150 1008 4220 Pulcherrimrrs
1033 4155 1123 4238 ignis
1194 4178 1197 4189 ·
