3082 4746
650 219 891 276 cummianus

225 409 384 478 Evellens
408 415 562 496 arnimam3
585 407 694 496 frangi
712 408 873 495 'flectique
900 411 1071 496 negantem

226 509 386 576 Sentibus
413 515 554 574 intentat
580 513 754 593 contempti
781 511 921 573 numinis
946 526 1070 571 urnam.
1133 529 1136 546 ⁴

225 606 270 672 At
296 627 406 672 comes
433 605 546 672 infelix
571 605 735 670 scelerum
760 610 959 690 mortisque,
985 625 1047 668 nec
1073 602 1150 669 Orci

224 705 298 772 Nec
323 726 478 792 superum
503 709 671 784 metuens,
697 700 784 767 dulci
811 721 850 766 se
874 701 998 786 proluit
1024 721 1136 767 amens

224 803 387 886 Nectare,
413 802 586 867 submersa
611 805 750 884 cupiens
775 805 902 864 ratione
923 799 1085 864 molestos
1208 833 1211 840 ·
1289 811 1293 818 ’

223 899 437 968 Eumenidum
464 895 838 983 stimulossaevamque
864 897 999 971 eludere
1023 905 1168 964 mortem.

223 999 369 1084 Jamque
395 997 448 1062 ubi
474 995 635 1060 latronum
660 999 748 1059 vires
774 1000 935 1083 animique
962 995 1098 1078 refecti,

222 1095 370 1161 Viribus·
384 1095 582 1180 exhaustum
608 1093 706 1157 lictor
732 1091 876 1158 crudelis
899 1092 1042 1161 desunt·

222 1191 452 1280 Aggrediens,
473 1211 536 1254 non
563 1211 623 1255 ora
645 1209 736 1256 mero
762 1210 917 1256 recreare
943 1196 1096 1276 sitimque

221 1289 371 1374 Pellene,
397 1311 460 1355 non
486 1287 605 1352 blando
631 1307 783 1353 sermone
809 1288 921 1354 levare
947 1286 1078 1353 dolores

222 1386 386 1473 Apparet,
411 1395 445 1451 at
467 1405 580 1472 pacem
605 1385 704 1452 divini
733 1390 877 1472 pectoris
903 1385 995 1450 ardet

220 1483 444 1571 Invictumque
470 1483 579 1550 Erebo
606 1483 811 1566 stimulante,
836 1481 1006 1550 lacescere
1034 1483 1186 1548 mentem.

221 1582 271 1647 Ac
296 1588 433 1668 primum
458 1583 577 1648 inflexo
607 1580 824 1667 procumbens
849 1580 992 1666 poplite,
1016 1587 1119 1646 risum

220 1679 376 1746 Maturus
403 1700 480 1744 sese
509 1687 647 1745 excusat
673 1685 865 1764 veniamque
890 1683 1064 1764 precatur,

222 1777 319 1843 (laod
347 1783 485 1863 primum
510 1775 667 1841 obtulerit
692 1780 793 1841 sociis
817 1774 999 1840 latronibus
1025 1775 1188 1842 baustum.

220 1875 298 1941 Non
324 1875 388 1939 hoc
409 1879 440 1938 in
467 1881 547 1939 tanti
573 1881 790 1961 contemptum
817 1877 976 1959 principis
1000 1879 1123 1953 artum,

221 1971 259 2038 Si
285 1993 350 2060 qua
374 1971 460 2037 fides
483 1978 572 2054 veri,
599 1971 659 2038 sed
686 1977 772 2036 euim
793 1979 997 2057 'properasse
1023 1968 1177 2038 scelestis

219 2070 264 2136 Et
287 2075 404 2135 merita
430 2090 526 2134 cruce
549 2069 709 2136 damnatis
733 2067 968 2152 nebulonibus,
994 2089 1092 2133 unum

219 2167 376 2256 Vulgaris
406 2173 505 2232 musti
531 2169 700 2254 cyathum,
730 2168 927 2255 dignissima
951 2187 1035 2254 rege
1118 2215 1121 2222 .

219 2263 380 2331 lsacidnm
407 2270 561 2330 immeriti
583 2271 616 2330 in
642 2265 789 2330 solamen
815 2265 957 2346 funeris,
983 2268 1068 2327 omni

220 2361 303 2427 Arte
329 2369 516 2448 paraturum
534 2381 625 2428 nunc
649 2360 778 2447 pocula.
829 2360 923 2425 Talia
946 2361 1058 2424 tatus·
1119 2411 1122 2418 ,

219 2457 348 2525 Avertit
372 2477 451 2523 sese
475 2464 649 2545 vinumque
675 2456 843 2523 scelestus
869 2476 979 2523 amara

219 2555 406 2642 Corrumpit
428 2556 560 2640 myrrha
582 2565 616 2621 et
643 2560 814 2621 commisto
839 2555 917 2620 felle
943 2575 1095 2640 saporem

218 2653 373 2739 Asperat.
423 2651 600 2738 Acceptum
627 2673 754 2718 summo
779 2661 877 2720 tenus
902 2659 1015 2742 attigit
1041 2673 1115 2733 ore,

217 2751 450 2837 Libatumque‚
476 2757 583 2816 animo
606 2751 773 2836 vultuque
790 2757 960 2834 immotus,
987 2752 1101 2822 Jusus

217 2847 370 2940 Reddidit
394 2854 548 2914 instantis
574 2857 711 2939 signans
736 2857 893 2936 mysteria
917 2850 1020 2932 lethi,

218 2944 320 3029 Cujus
345 2965 542 3030 amarorem,
571 2951 720 3034 quamvis
746 2955 883 3035 gustare
909 2948 1071 3032 probroso

216 3043 341 3110 Annuit
365 3045 484 3111 affixus
509 3052 642 3126 trunco,
668 3045 845 3109 exhaurire
873 3051 1017 3132 negavit.

218 3143 295 3208 Tam
322 3143 409 3209 facili
436 3163 454 3208 e
480 3143 606 3208 tumulo
632 3141 797 3207 rediturus
824 3146 855 3204 in
881 3141 1019 3206 aethera
1044 3149 1139 3224 nutu,

216 3239 331 3308 Fellea
359 3262 453 3327 quam
478 3239 577 3305 facila
593 3237 709 3321 rejecit
734 3237 853 3323 pocula
879 3239 1002 3304 dextra.

314 3432 359 3498 At
384 3435 490 3499 tribus
516 3435 597 3498 haec
616 3437 701 3496 inter
717 3431 893 3496 scrobibus
906 3432 977 3497 ‘sub
998 3433 1266 3503 verticemontis

217 3533 378 3613 Effossis,
404 3529 538 3595 totidem
564 3529 686 3594 divisas
711 3535 860 3615 protinus
886 3550 992 3616 aequo

217 3626 397 3694 Carnifices
422 3626 613 3709 intervallo,
638 3627 846 3712 terebrisque
872 3627 1000 3693 foratas

216 3725 371 3794 Defixere
399 3743 535 3813 cruces,
563 3724 701 3790 admotis
728 3723 870 3812 denique
896 3725 998 3792 scalis

215 3822 373 3890 Invadunt
398 3842 517 3911 magno
546 3823 757 3894 GHRISTUM
784 3821 945 3906 clamore,
970 3824 1168 3910 trahuntque

216 3923 290 3990 Nou
318 3920 536 3988 obluctantem
564 3926 670 4004 enixi,
697 3930 914 4010 concretaque
938 3921 1048 4009 plagin

216 4019 417 4086 Vestimenta
446 4041 542 4085 manu
566 4018 711 4085 violenta
736 4019 881 4085 avellere
907 4027 1043 4085 certant.

216 4115 262 4184 At
286 4122 384 4206 capiti
404 4118 543 4188 infixum
557 4125 682 4186 tenero
709 4117 854 4184 diadem
880 4117 1076 4202 relinquunt
