3076 4744
136 251 181 320 η
647 239 891 295 cnursnmnos
1265 241 1400 294 roo-an

219 427 455 512 Omnipotens,
488 423 683 512 lapsumque
709 425 871 492 homiuem
895 429 1089 507 miseratus,
1112 433 1207 492 inani

217 525 446 609 Nequicqnam
472 524 587 592 infelix
618 523 760 589 tumidus
786 544 847 608 spe
872 520 1018 606 tolleris,
1052 529 1165 610 inquit.

168 627 187 667 0
218 621 288 700 Quo
311 623 432 688 oicisoe
452 631 570 704 patos,
595 623 681 706 liparo
705 621 864 700 vincern,
891 627 923 683 et
947 620 1071 686 doctam

218 718 343 785 Foclici
368 723 496 785 cicuta
519 719 599 800 pede
621 717 765 806 foemina
789 725 932 796 proteret
961 737 1107 804 aequem.

220 816 373 883 Qualiter
399 822 521 882 attritis
546 813 729 879 foecundae
755 809 905 902 conjugis
932 820 1001 880 ovis

219 915 300 982 Cum
328 914 479 1001 petulans
506 918 618 1000 turget
644 931 745 996 pavo,
773 921 999 999 gemmataque
1027 912 1151 979 caudae

217 1012 337 1080 Sidera
359 1010 471 1097 pandit
497 1029 618 1092 ovans3
646 1016 680 1073 et
702 1013 920 1094 semirame,
949 1017 982 1075 in
1009 1031 1135 1076 ornnem

219 1111 367 1198 Torquet
391 1127 497 1194 agens
523 1121 701 1192 pennarum
727 1104 860 1172 oculata
883 1107 1052 1173 volumina
1074 1114 1217 1194 partem:

218 1208 367 1272 Dederis
392 1209 521 1268 incaute
548 1203 654 1268 oculis
680 1208 826 1290 vestigia
855 1204 954 1270 locda

220 1302 258 1367 Si
283 1301 410 1386 videat,
437 1299 561 1366 virides
585 1299 730 1365 demisso
756 1309 899 1386 syrmata
924 1323 1048 1386 pennas

219 1398 409 1484 Contrahit3
434 1406 468 1463 et
493 1417 571 1463 sese
595 1398 746 1485 fugiens,
772 1398 934 1486 inglorius
960 1405 1042 1465 imas

219 1496 374 1562 conditur
400 1501 433 1560 in
457 1494 620 1560 latebras:
647 1501 697 1560 sic
723 1504 951 1562 consternatus
979 1498 1018 1563 ad
1047 1496 1126 1562 illud

217 1594 388 1660 Intremuit
413 1592 534 1659 fulmen
560 1592 677 1674 Pluto,
703 1591 854 1678 falsoque
880 1593 1026 1660 colorum

217 1691 367 1757 Excusso
394 1690 580 1777 splendore,
608 1710 814 1775 pavensque,
840 1691 1062 1778 fremensque,
1088 1691 1272 1778 pudendum

104 1789 106 1794 ’
218 1789 379 1855 immersit
404 1787 522 1875 Stygio
550 1809 644 1853 amne
670 1796 778 1872 caput.
830 1788 911 1853 Mox
936 1790 1104 1875 improbus
1130 1809 1242 1854 omnes

219 1886 396 1953 Scrutatur
424 1906 543 1968 cunas,
570 1891 710 1978 siquae
737 1889 879 1973 vestigia
903 1884 1002 1950 detur

218 1984 373 2049 Victricis
399 1981 537 2064 Matris,
565 1987 701 2048 victoris
728 2002 864 2048 cernere
889 1987 967 2047 nati.

221 2081 308 2150 Dein
335 2080 491 2168 gravibus
510 2082 624 2166 justos
651 2080 733 2145 odiis
759 2087 893 2168 premit3
921 2085 1022 2166 impia
1045 2085 1153 2144 terrae
1209 2141 1212 2148 .

223 2177 342 2259 Sacra,
370 2199 450 2245 suos
475 2177 607 2263 templis
633 2181 752 2263 positis
778 2184 919 2263 inspirat
943 2179 1096 2244 honores.

222 2275 260 2342 Si
286 2277 371 2342 forte
396 2282 522 2342 aeterni
546 2297 697 2362 magnum
725 2273 896 2342 Genitoris
922 2295 1063 2340 amorem

220 2373 283 2439 llis
306 2373 470 2438 scelerum
495 2373 590 2438 furiis
615 2370 741 2454 polluto
770 2377 921 2436 avertere
945 2369 1065 2434 mundo

221 2471 343 2554 Detur,
370 2477 404 2535 et
428 2475 567 2534 invisum
593 2467 755 2532 Barathro
782 2475 994 2550 praevertere
1018 2475 1155 2553 parturn.
1268 2519 1270 2526 ,

321 2665 450 2729 Primus
474 2661 657 2727 Avernales
683 2667 789 2744 rapuit
815 2663 876 2727 sub
904 2669 1037 2747 pectore
1062 2662 1225 2726 dammas!

221 2762 343 2828 lnvidia
369 2759 558 2825 stimulante
586 2759 676 2824 Cain.
726 2757 875 2826 Nondn'm
902 2761 1052 2844 improba
1077 2758 1156 2826 belli
1240 2815 1242 2820 ,

220 2859 384 2925 Fatileros
398 2859 579 2923 ¹rabies'in
608 2855 743 2922 vulnera
768 2856 897 2922 fuderat
920 2877 1041 2942 enses3

220 2955 291 3022 Nec
318 2961 418 3020 ramis
444 2955 577 3021 viduata
602 2961 689 3038 suis,
724 2954 844 3018 hastile
870 2961 1009 3018 cruenta

220 3052 365 3139 Cuspide
390 3053 568 3139 praefixum
593 3051 680 3117 hello
707 3050 915 3115 damnaverat
940 3050 1070 3136 Oruus3

220 3150 322 3215 Nulla
347 3151 511 3236 Cydoneis
536 3168 623 3214 mors
650 3146 816 3212 occultata
841 3147 1008 3231 pharetris

219 3247 410 3335 Prodierat3
436 3248 575 3312 noudum
601 3245 752 3310 Lernaea
777 3244 854 3308 tabe
883 3249 1026 3332 sagittas

219 3344 393 3412 Vindictae
418 3351 496 3410 sitis
521 3344 701 3425 imbuerat,
729 3345 883 3427 viresque
909 3341 1048 3406 nocendi

220 3441 368 3507 Auxerat
393 3446 505 3506 accitis
532 3439 723 3504 cumulanda
748 3443 780 3503 in
807 3439 877 3502 iata
901 3444 1058 3504 venenis:

220 3540 347 3604 Invenit
369 3546 477 3603 tamen
504 3558 592 3602 arma
617 3536 726 3601 dolor:
755 3537 843 3602 fuste
869 3540 987 3620 impius
1012 3533 1101 3600 ultor·

221 3636 363 3718 Saeviit,
392 3642 425 3699 et
448 3640 550 3721 primo
575 3639 721 3719 corrupit
748 3639 909 3724 sanguine
935 3640 1066 3698 terram.

220 3731 302 3799 lllox
327 3731 465 3798 sceleris
491 3733 553 3798 sub
578 3731 663 3796 mole
690 3738 844 3819 gemens,
872 3729 1048 3817 caedisque
1070 3738 1228 3812 peractae
1304 3777 1306 3784 .

222 3828 416 3917 Exemplum
439 3836 606 3912 metuens,
634 3850 718 3894 nova
743 3827 1010 3917 propugnacula,
1036 3833 1070 3890 et
1093 3824 1173 3890 altis

222 3928 384 3994 Turribus
409 3933 558 4014 insignes
583 3933 615 3994 iu
641 3925 766 3994 caelum
792 3923 927 3992 sustulit
953 3943 1067 3988 arcos
