<?xml version="1.0" encoding="UTF-8"?>
<!DOCTYPE html PUBLIC "-//W3C//DTD XHTML 1.0 Transitional//EN"
    "http://www.w3.org/TR/xhtml1/DTD/xhtml1-transitional.dtd">
<html xmlns="http://www.w3.org/1999/xhtml" xml:lang="en" lang="en">
 <head>
  <title>
</title>
<meta http-equiv="Content-Type" content="text/html;charset=utf-8" />
  <meta name='ocr-system' content='tesseract 3.04.00' />
  <meta name='ocr-capabilities' content='ocr_page ocr_carea ocr_par ocr_line ocrx_word'/>
</head>
<body>
  <div class='ocr_page' id='page_1' title='image "./christiadoslibr00waltgoog_0364.png"; bbox 0 0 3056 4758; ppageno 0'>
   <div class='ocr_carea' id='block_1_1' title="bbox 113 247 836 308">
    <p class='ocr_par' dir='ltr' id='par_1_1' title="bbox 113 247 836 308">
     <span class='ocr_line' id='line_1_1' title="bbox 113 247 836 308; baseline -0.008 0"><span class='ocrx_word' id='word_1_1' title='bbox 113 255 248 308; x_wconf 62' lang='lat' dir='ltr'><strong>biii-wll</strong></span> <span class='ocrx_word' id='word_1_2' title='bbox 643 247 752 303; x_wconf 77' lang='lat' dir='ltr'><strong>uinea</strong></span> <span class='ocrx_word' id='word_1_3' title='bbox 777 249 836 302; x_wconf 83' lang='lat' dir='ltr'><strong>XV.</strong></span> 
     </span>
    </p>
   </div>
   <div class='ocr_carea' id='block_1_2' title="bbox 196 433 1206 2938">
    <p class='ocr_par' dir='ltr' id='par_1_2' title="bbox 201 433 952 523">
     <span class='ocr_line' id='line_1_2' title="bbox 201 433 952 523; baseline 0 -23"><span class='ocrx_word' id='word_1_4' title='bbox 201 435 315 517; x_wconf 79' lang='lat' dir='ltr'><strong>Atria,</strong></span> <span class='ocrx_word' id='word_1_5' title='bbox 342 433 486 523; x_wconf 77' lang='lat' dir='ltr'><strong>regalem</strong></span> <span class='ocrx_word' id='word_1_6' title='bbox 511 439 637 520; x_wconf 85' lang='lat' dir='ltr'><strong>spirant</strong></span> <span class='ocrx_word' id='word_1_7' title='bbox 661 433 806 500; x_wconf 87' lang='lat' dir='ltr'><strong>triclinia</strong></span> <span class='ocrx_word' id='word_1_8' title='bbox 830 435 952 506; x_wconf 84' lang='lat' dir='ltr'><strong>luxum.</strong></span> 
     </span>
    </p>

    <p class='ocr_par' dir='ltr' id='par_1_3' title="bbox 200 526 1206 718">
     <span class='ocr_line' id='line_1_3' title="bbox 200 526 1206 620; baseline 0 -22"><span class='ocrx_word' id='word_1_9' title='bbox 200 533 273 598; x_wconf 86' lang='lat' dir='ltr'><strong>lluc</strong></span> <span class='ocrx_word' id='word_1_10' title='bbox 297 553 383 598; x_wconf 91' lang='lat' dir='ltr'><strong>nova</strong></span> <span class='ocrx_word' id='word_1_11' title='bbox 407 551 503 597; x_wconf 76' lang='lat' dir='ltr'><strong>sacra</strong></span> <span class='ocrx_word' id='word_1_12' title='bbox 525 554 644 620; x_wconf 84' lang='lat' dir='ltr'><strong>paraus</strong></span> <span class='ocrx_word' id='word_1_13' title='bbox 669 532 851 618; x_wconf 81' lang='lat' dir='ltr'><strong>epulasque</strong></span> <span class='ocrx_word' id='word_1_14' title='bbox 880 543 914 599; x_wconf 89' lang='lat' dir='ltr'><strong>et</strong></span> <span class='ocrx_word' id='word_1_15' title='bbox 940 526 1090 615; x_wconf 76' lang='lat' dir='ltr'><strong>foedera,</strong></span> <span class='ocrx_word' id='word_1_16' title='bbox 1107 526 1206 605; x_wconf 70' lang='lat' dir='ltr'><strong>¹nullo</strong></span> 
     </span>
     <span class='ocr_line' id='line_1_4' title="bbox 200 630 1049 718; baseline 0.001 -23"><span class='ocrx_word' id='word_1_17' title='bbox 200 630 421 697; x_wconf 88' lang='lat' dir='ltr'><strong>Dissolvenda</strong></span> <span class='ocrx_word' id='word_1_18' title='bbox 442 650 544 710; x_wconf 87' lang='lat' dir='ltr'><strong>aevo,</strong></span> <span class='ocrx_word' id='word_1_19' title='bbox 570 631 823 715; x_wconf 88' lang='lat' dir='ltr'><strong>Zebedidenque</strong></span> <span class='ocrx_word' id='word_1_20' title='bbox 851 633 1049 718; x_wconf 85' lang='lat' dir='ltr'><strong>Petrumque</strong></span> 
     </span>
    </p>

    <p class='ocr_par' dir='ltr' id='par_1_4' title="bbox 198 728 1202 1887">
     <span class='ocr_line' id='line_1_5' title="bbox 199 728 1093 814; baseline 0.001 -22"><span class='ocrx_word' id='word_1_21' title='bbox 199 729 251 794; x_wconf 89' lang='lat' dir='ltr'><strong>lre</strong></span> <span class='ocrx_word' id='word_1_22' title='bbox 277 728 449 814; x_wconf 88' lang='lat' dir='ltr'><strong>locumque</strong></span> <span class='ocrx_word' id='word_1_23' title='bbox 472 728 567 813; x_wconf 89' lang='lat' dir='ltr'><strong>jubet</strong></span> <span class='ocrx_word' id='word_1_24' title='bbox 591 735 714 793; x_wconf 65' lang='lat' dir='ltr'><strong>mensu</strong></span> <span class='ocrx_word' id='word_1_25' title='bbox 738 728 956 794; x_wconf 81' lang='lat' dir='ltr'><strong>Pesebalibus</strong></span> <span class='ocrx_word' id='word_1_26' title='bbox 983 738 1093 812; x_wconf 89' lang='lat' dir='ltr'><strong>aptum</strong></span> 
     </span>
     <span class='ocr_line' id='line_1_6' title="bbox 200 823 1105 910; baseline 0.001 -20"><span class='ocrx_word' id='word_1_27' title='bbox 200 826 356 890; x_wconf 75' lang='lat' dir='ltr'><strong>Poscere.</strong></span> <span class='ocrx_word' id='word_1_28' title='bbox 407 823 575 890; x_wconf 87' lang='lat' dir='ltr'><strong>Maturant</strong></span> <span class='ocrx_word' id='word_1_29' title='bbox 593 825 681 909; x_wconf 87' lang='lat' dir='ltr'><strong>jassi</strong></span> <span class='ocrx_word' id='word_1_30' title='bbox 708 825 933 910; x_wconf 90' lang='lat' dir='ltr'><strong>dominumque</strong></span> <span class='ocrx_word' id='word_1_31' title='bbox 959 825 1105 891; x_wconf 88' lang='lat' dir='ltr'><strong>salutant</strong></span> 
     </span>
     <span class='ocr_line' id='line_1_7' title="bbox 199 922 1202 1010; baseline 0 -22"><span class='ocrx_word' id='word_1_32' title='bbox 199 923 363 992; x_wconf 76' lang='lat' dir='ltr'><strong>(lusis‘rt</strong></span> <span class='ocrx_word' id='word_1_33' title='bbox 388 928 518 988; x_wconf 89' lang='lat' dir='ltr'><strong>nomine</strong></span> <span class='ocrx_word' id='word_1_34' title='bbox 544 931 578 987; x_wconf 87' lang='lat' dir='ltr'><strong>et</strong></span> <span class='ocrx_word' id='word_1_35' title='bbox 601 925 779 1010; x_wconf 81' lang='lat' dir='ltr'><strong>hospitium</strong></span> <span class='ocrx_word' id='word_1_36' title='bbox 806 922 983 1008; x_wconf 89' lang='lat' dir='ltr'><strong>sedemque</strong></span> <span class='ocrx_word' id='word_1_37' title='bbox 1009 934 1202 1007; x_wconf 84' lang='lat' dir='ltr'><strong>precantur:</strong></span> 
     </span>
     <span class='ocr_line' id='line_1_8' title="bbox 198 1019 1015 1106; baseline 0 -21"><span class='ocrx_word' id='word_1_38' title='bbox 198 1020 259 1086; x_wconf 88' lang='lat' dir='ltr'><strong>Ille</strong></span> <span class='ocrx_word' id='word_1_39' title='bbox 286 1029 395 1086; x_wconf 85' lang='lat' dir='ltr'><strong>autern</strong></span> <span class='ocrx_word' id='word_1_40' title='bbox 420 1026 510 1084; x_wconf 75' lang='lat' dir='ltr'><strong>muto</strong></span> <span class='ocrx_word' id='word_1_41' title='bbox 537 1019 707 1106; x_wconf 83' lang='lat' dir='ltr'><strong>perculsus</strong></span> <span class='ocrx_word' id='word_1_42' title='bbox 733 1026 879 1103; x_wconf 89' lang='lat' dir='ltr'><strong>nomine,</strong></span> <span class='ocrx_word' id='word_1_43' title='bbox 906 1020 1015 1085; x_wconf 89' lang='lat' dir='ltr'><strong>laetos</strong></span> 
     </span>
     <span class='ocr_line' id='line_1_9' title="bbox 200 1118 1084 1204; baseline -0.001 -21"><span class='ocrx_word' id='word_1_44' title='bbox 200 1118 392 1201; x_wconf 82' lang='lat' dir='ltr'><strong>Discipulos</strong></span> <span class='ocrx_word' id='word_1_45' title='bbox 415 1123 449 1184; x_wconf 91' lang='lat' dir='ltr'><strong>in</strong></span> <span class='ocrx_word' id='word_1_46' title='bbox 475 1125 563 1184; x_wconf 87' lang='lat' dir='ltr'><strong>tecta</strong></span> <span class='ocrx_word' id='word_1_47' title='bbox 589 1119 689 1182; x_wconf 90' lang='lat' dir='ltr'><strong>trahit</strong></span> <span class='ocrx_word' id='word_1_48' title='bbox 716 1123 881 1204; x_wconf 77' lang='lat' dir='ltr'><strong>pictisque</strong></span> <span class='ocrx_word' id='word_1_49' title='bbox 907 1119 1084 1202; x_wconf 89' lang='lat' dir='ltr'><strong>superbum</strong></span> 
     </span>
     <span class='ocr_line' id='line_1_10' title="bbox 198 1215 1050 1300; baseline -0.002 -20"><span class='ocrx_word' id='word_1_50' title='bbox 198 1215 334 1280; x_wconf 80' lang='lat' dir='ltr'><strong>Aulaeis</strong></span> <span class='ocrx_word' id='word_1_51' title='bbox 361 1221 468 1300; x_wconf 87' lang='lat' dir='ltr'><strong>aperit</strong></span> <span class='ocrx_word' id='word_1_52' title='bbox 493 1215 705 1281; x_wconf 84' lang='lat' dir='ltr'><strong>coenaculum</strong></span> <span class='ocrx_word' id='word_1_53' title='bbox 730 1224 766 1280; x_wconf 89' lang='lat' dir='ltr'><strong>et</strong></span> <span class='ocrx_word' id='word_1_54' title='bbox 789 1235 889 1278; x_wconf 90' lang='lat' dir='ltr'><strong>aurea</strong></span> <span class='ocrx_word' id='word_1_55' title='bbox 915 1215 1050 1280; x_wconf 86' lang='lat' dir='ltr'><strong>eburnis</strong></span> 
     </span>
     <span class='ocr_line' id='line_1_11' title="bbox 199 1312 1047 1400; baseline 0 -24"><span class='ocrx_word' id='word_1_56' title='bbox 199 1312 338 1377; x_wconf 78' lang='lat' dir='ltr'><strong>Subdita</strong></span> <span class='ocrx_word' id='word_1_57' title='bbox 364 1313 472 1378; x_wconf 83' lang='lat' dir='ltr'><strong>fulcra</strong></span> <span class='ocrx_word' id='word_1_58' title='bbox 499 1315 622 1393; x_wconf 87' lang='lat' dir='ltr'><strong>thoris,</strong></span> <span class='ocrx_word' id='word_1_59' title='bbox 650 1317 734 1377; x_wconf 88' lang='lat' dir='ltr'><strong>vivis</strong></span> <span class='ocrx_word' id='word_1_60' title='bbox 763 1319 905 1398; x_wconf 84' lang='lat' dir='ltr'><strong>arrimata</strong></span> <span class='ocrx_word' id='word_1_61' title='bbox 928 1313 1047 1400; x_wconf 85' lang='lat' dir='ltr'><strong>figuris</strong></span> 
     </span>
     <span class='ocr_line' id='line_1_12' title="bbox 199 1408 1043 1498; baseline -0.002 -24"><span class='ocrx_word' id='word_1_62' title='bbox 199 1408 340 1492; x_wconf 88' lang='lat' dir='ltr'><strong>Pocula,</strong></span> <span class='ocrx_word' id='word_1_63' title='bbox 367 1418 516 1475; x_wconf 86' lang='lat' dir='ltr'><strong>crateras</strong></span> <span class='ocrx_word' id='word_1_64' title='bbox 540 1415 677 1498; x_wconf 86' lang='lat' dir='ltr'><strong>gemmis</strong></span> <span class='ocrx_word' id='word_1_65' title='bbox 703 1430 849 1494; x_wconf 89' lang='lat' dir='ltr'><strong>auroque</strong></span> <span class='ocrx_word' id='word_1_66' title='bbox 875 1417 1043 1475; x_wconf 83' lang='lat' dir='ltr'><strong>micantes.</strong></span> 
     </span>
     <span class='ocr_line' id='line_1_13' title="bbox 199 1506 1057 1595; baseline -0.003 -22"><span class='ocrx_word' id='word_1_67' title='bbox 199 1506 335 1573; x_wconf 82' lang='lat' dir='ltr'><strong>Scilicet</strong></span> <span class='ocrx_word' id='word_1_68' title='bbox 360 1515 531 1595; x_wconf 82' lang='lat' dir='ltr'><strong>egregium</strong></span> <span class='ocrx_word' id='word_1_69' title='bbox 557 1525 691 1574; x_wconf 85' lang='lat' dir='ltr'><strong>mensae</strong></span> <span class='ocrx_word' id='word_1_70' title='bbox 717 1507 877 1572; x_wconf 88' lang='lat' dir='ltr'><strong>coelestis</strong></span> <span class='ocrx_word' id='word_1_71' title='bbox 903 1509 1057 1572; x_wconf 92' lang='lat' dir='ltr'><strong>bonorem</strong></span> 
     </span>
     <span class='ocr_line' id='line_1_14' title="bbox 199 1604 1045 1690; baseline -0.002 -20"><span class='ocrx_word' id='word_1_72' title='bbox 199 1604 381 1689; x_wconf 87' lang='lat' dir='ltr'><strong>Majestete</strong></span> <span class='ocrx_word' id='word_1_73' title='bbox 406 1604 472 1670; x_wconf 90' lang='lat' dir='ltr'><strong>loci</strong></span> <span class='ocrx_word' id='word_1_74' title='bbox 500 1611 703 1690; x_wconf 86' lang='lat' dir='ltr'><strong>omnipotens</strong></span> <span class='ocrx_word' id='word_1_75' title='bbox 726 1604 883 1670; x_wconf 88' lang='lat' dir='ltr'><strong>decorare</strong></span> <span class='ocrx_word' id='word_1_76' title='bbox 909 1605 1045 1669; x_wconf 88' lang='lat' dir='ltr'><strong>volebat</strong></span> 
     </span>
     <span class='ocr_line' id='line_1_15' title="bbox 198 1701 1129 1787; baseline -0.002 -21"><span class='ocrx_word' id='word_1_77' title='bbox 198 1701 308 1787; x_wconf 81' lang='lat' dir='ltr'><strong>Atque</strong></span> <span class='ocrx_word' id='word_1_78' title='bbox 335 1703 380 1768; x_wconf 92' lang='lat' dir='ltr'><strong>ibi</strong></span> <span class='ocrx_word' id='word_1_79' title='bbox 405 1701 567 1770; x_wconf 89' lang='lat' dir='ltr'><strong>lectorum</strong></span> <span class='ocrx_word' id='word_1_80' title='bbox 593 1709 746 1768; x_wconf 89' lang='lat' dir='ltr'><strong>comitum</strong></span> <span class='ocrx_word' id='word_1_81' title='bbox 777 1709 919 1787; x_wconf 84' lang='lat' dir='ltr'><strong>stipante</strong></span> <span class='ocrx_word' id='word_1_82' title='bbox 947 1711 1079 1767; x_wconf 75' lang='lat' dir='ltr'><strong>caterve</strong></span> <span class='ocrx_word' id='word_1_83' title='bbox 1127 1755 1129 1764; x_wconf 47' lang='lat'><strong>,</strong></span> 
     </span>
     <span class='ocr_line' id='line_1_16' title="bbox 198 1799 1062 1887; baseline -0.002 -23"><span class='ocrx_word' id='word_1_84' title='bbox 198 1799 423 1882; x_wconf 81' lang='lat' dir='ltr'><strong>Accombens,</strong></span> <span class='ocrx_word' id='word_1_85' title='bbox 449 1806 561 1866; x_wconf 88' lang='lat' dir='ltr'><strong>socios</strong></span> <span class='ocrx_word' id='word_1_86' title='bbox 587 1799 717 1887; x_wconf 82' lang='lat' dir='ltr'><strong>Agnum</strong></span> <span class='ocrx_word' id='word_1_87' title='bbox 744 1800 858 1864; x_wconf 86' lang='lat' dir='ltr'><strong>divisit</strong></span> <span class='ocrx_word' id='word_1_88' title='bbox 880 1805 910 1864; x_wconf 93' lang='lat' dir='ltr'><strong>in</strong></span> <span class='ocrx_word' id='word_1_89' title='bbox 938 1819 1062 1866; x_wconf 89' lang='lat' dir='ltr'><strong>omnes.</strong></span> 
     </span>
    </p>

    <p class='ocr_par' dir='ltr' id='par_1_5' title="bbox 197 1897 995 1982">
     <span class='ocr_line' id='line_1_17' title="bbox 197 1897 995 1982; baseline 0.001 -21"><span class='ocrx_word' id='word_1_90' title='bbox 197 1897 232 1961; x_wconf 96' lang='lat' dir='ltr'><strong>ln</strong></span> <span class='ocrx_word' id='word_1_91' title='bbox 260 1919 380 1962; x_wconf 91' lang='lat' dir='ltr'><strong>morem</strong></span> <span class='ocrx_word' id='word_1_92' title='bbox 404 1898 534 1982; x_wconf 82' lang='lat' dir='ltr'><strong>famuli,</strong></span> <span class='ocrx_word' id='word_1_93' title='bbox 562 1897 688 1982; x_wconf 87' lang='lat' dir='ltr'><strong>rejecto</strong></span> <span class='ocrx_word' id='word_1_94' title='bbox 713 1907 808 1962; x_wconf 90' lang='lat' dir='ltr'><strong>veste</strong></span> <span class='ocrx_word' id='word_1_95' title='bbox 834 1904 995 1982; x_wconf 79' lang='lat' dir='ltr'><strong>sinusque</strong></span> 
     </span>
    </p>

    <p class='ocr_par' dir='ltr' id='par_1_6' title="bbox 198 1994 985 2080">
     <span class='ocr_line' id='line_1_18' title="bbox 198 1994 985 2080; baseline 0 -22"><span class='ocrx_word' id='word_1_96' title='bbox 198 1994 328 2061; x_wconf 88' lang='lat' dir='ltr'><strong>Mantili</strong></span> <span class='ocrx_word' id='word_1_97' title='bbox 354 1998 457 2062; x_wconf 87' lang='lat' dir='ltr'><strong>nitido</strong></span> <span class='ocrx_word' id='word_1_98' title='bbox 484 2001 613 2062; x_wconf 81' lang='lat' dir='ltr'><strong>oiuotua</strong></span> <span class='ocrx_word' id='word_1_99' title='bbox 639 1995 807 2080; x_wconf 87' lang='lat' dir='ltr'><strong>calidaque</strong></span> <span class='ocrx_word' id='word_1_100' title='bbox 832 2016 985 2080; x_wconf 85' lang='lat' dir='ltr'><strong>capacem</strong></span> 
     </span>
    </p>

    <p class='ocr_par' dir='ltr' id='par_1_7' title="bbox 196 2092 1122 2376">
     <span class='ocr_line' id='line_1_19' title="bbox 197 2092 991 2179; baseline 0.001 -24"><span class='ocrx_word' id='word_1_101' title='bbox 197 2092 231 2155; x_wconf 95' lang='lat' dir='ltr'><strong>ln</strong></span> <span class='ocrx_word' id='word_1_102' title='bbox 257 2093 378 2179; x_wconf 87' lang='lat' dir='ltr'><strong>pelvim</strong></span> <span class='ocrx_word' id='word_1_103' title='bbox 404 2093 529 2174; x_wconf 84' lang='lat' dir='ltr'><strong>effusa,</strong></span> <span class='ocrx_word' id='word_1_104' title='bbox 559 2093 644 2158; x_wconf 91' lang='lat' dir='ltr'><strong>coeli</strong></span> <span class='ocrx_word' id='word_1_105' title='bbox 672 2100 728 2178; x_wconf 94' lang='lat' dir='ltr'><strong>qui</strong></span> <span class='ocrx_word' id='word_1_106' title='bbox 753 2093 864 2158; x_wconf 90' lang='lat' dir='ltr'><strong>sidera</strong></span> <span class='ocrx_word' id='word_1_107' title='bbox 888 2101 991 2157; x_wconf 85' lang='lat' dir='ltr'><strong>nutu·</strong></span> 
     </span>
     <span class='ocr_line' id='line_1_20' title="bbox 196 2190 1122 2277; baseline 0 -23"><span class='ocrx_word' id='word_1_108' title='bbox 196 2190 342 2277; x_wconf 85' lang='lat' dir='ltr'><strong>Torquet</strong></span> <span class='ocrx_word' id='word_1_109' title='bbox 367 2199 402 2254; x_wconf 88' lang='lat' dir='ltr'><strong>et</strong></span> <span class='ocrx_word' id='word_1_110' title='bbox 426 2192 600 2256; x_wconf 85' lang='lat' dir='ltr'><strong>aethereas</strong></span> <span class='ocrx_word' id='word_1_111' title='bbox 626 2197 709 2276; x_wconf 84' lang='lat' dir='ltr'><strong>patri</strong></span> <span class='ocrx_word' id='word_1_112' title='bbox 737 2211 795 2274; x_wconf 89' lang='lat' dir='ltr'><strong>par</strong></span> <span class='ocrx_word' id='word_1_113' title='bbox 820 2198 982 2274; x_wconf 88' lang='lat' dir='ltr'><strong>temperat</strong></span> <span class='ocrx_word' id='word_1_114' title='bbox 1006 2209 1122 2270; x_wconf 88' lang='lat' dir='ltr'><strong>arces,</strong></span> 
     </span>
     <span class='ocr_line' id='line_1_21' title="bbox 197 2285 933 2376; baseline 0.001 -25"><span class='ocrx_word' id='word_1_115' title='bbox 197 2285 248 2351; x_wconf 83' lang='lat' dir='ltr'><strong>Ad</strong></span> <span class='ocrx_word' id='word_1_116' title='bbox 273 2293 476 2372; x_wconf 85' lang='lat' dir='ltr'><strong>piscatorum</strong></span> <span class='ocrx_word' id='word_1_117' title='bbox 505 2308 627 2374; x_wconf 86' lang='lat' dir='ltr'><strong>procus</strong></span> <span class='ocrx_word' id='word_1_118' title='bbox 655 2294 816 2376; x_wconf 78' lang='lat' dir='ltr'><strong>vestigia,</strong></span> <span class='ocrx_word' id='word_1_119' title='bbox 844 2295 933 2374; x_wconf 92' lang='lat' dir='ltr'><strong>turpi</strong></span> 
     </span>
    </p>

    <p class='ocr_par' dir='ltr' id='par_1_8' title="bbox 198 2384 1159 2938">
     <span class='ocr_line' id='line_1_22' title="bbox 198 2384 1050 2471; baseline 0.002 -23"><span class='ocrx_word' id='word_1_120' title='bbox 198 2384 382 2451; x_wconf 86' lang='lat' dir='ltr'><strong>Horrentes</strong></span> <span class='ocrx_word' id='word_1_121' title='bbox 407 2385 655 2470; x_wconf 73' lang='lat' dir='ltr'><strong>sudore&#39;pedes</strong></span> <span class='ocrx_word' id='word_1_122' title='bbox 681 2393 715 2450; x_wconf 90' lang='lat' dir='ltr'><strong>et</strong></span> <span class='ocrx_word' id='word_1_123' title='bbox 742 2385 879 2471; x_wconf 89' lang='lat' dir='ltr'><strong>pulvere</strong></span> <span class='ocrx_word' id='word_1_124' title='bbox 905 2387 1050 2469; x_wconf 86' lang='lat' dir='ltr'><strong>sparsos</strong></span> 
     </span>
     <span class='ocr_line' id='line_1_23' title="bbox 199 2480 923 2568; baseline 0.003 -22"><span class='ocrx_word' id='word_1_125' title='bbox 199 2480 314 2547; x_wconf 84' lang='lat' dir='ltr'><strong>Abluit</strong></span> <span class='ocrx_word' id='word_1_126' title='bbox 338 2483 474 2568; x_wconf 84' lang='lat' dir='ltr'><strong>affusis,</strong></span> <span class='ocrx_word' id='word_1_127' title='bbox 502 2505 565 2548; x_wconf 90' lang='lat' dir='ltr'><strong>non</strong></span> <span class='ocrx_word' id='word_1_128' title='bbox 592 2483 791 2566; x_wconf 85' lang='lat' dir='ltr'><strong>exorabilis,</strong></span> <span class='ocrx_word' id='word_1_129' title='bbox 817 2483 923 2549; x_wconf 89' lang='lat' dir='ltr'><strong>undis.</strong></span> 
     </span>
     <span class='ocr_line' id='line_1_24' title="bbox 198 2577 1155 2669; baseline 0 -27"><span class='ocrx_word' id='word_1_130' title='bbox 198 2577 408 2664; x_wconf 82' lang='lat' dir='ltr'><strong>Pectoraque</strong></span> <span class='ocrx_word' id='word_1_131' title='bbox 432 2588 520 2646; x_wconf 90' lang='lat' dir='ltr'><strong>intus</strong></span> <span class='ocrx_word' id='word_1_132' title='bbox 547 2601 652 2668; x_wconf 85' lang='lat' dir='ltr'><strong>agens</strong></span> <span class='ocrx_word' id='word_1_133' title='bbox 675 2587 776 2646; x_wconf 88' lang='lat' dir='ltr'><strong>tacita</strong></span> <span class='ocrx_word' id='word_1_134' title='bbox 797 2587 828 2646; x_wconf 93' lang='lat' dir='ltr'><strong>vi</strong></span> <span class='ocrx_word' id='word_1_135' title='bbox 854 2588 974 2669; x_wconf 84' lang='lat' dir='ltr'><strong>purgat</strong></span> <span class='ocrx_word' id='word_1_136' title='bbox 1000 2586 1035 2642; x_wconf 89' lang='lat' dir='ltr'><strong>et</strong></span> <span class='ocrx_word' id='word_1_137' title='bbox 1060 2578 1155 2659; x_wconf 92' lang='lat' dir='ltr'><strong>illas,</strong></span> 
     </span>
     <span class='ocr_line' id='line_1_25' title="bbox 199 2674 1136 2762; baseline 0.001 -23"><span class='ocrx_word' id='word_1_138' title='bbox 199 2675 291 2740; x_wconf 77' lang='lat' dir='ltr'><strong>(luas</strong></span> <span class='ocrx_word' id='word_1_139' title='bbox 317 2674 478 2742; x_wconf 90' lang='lat' dir='ltr'><strong>scelerum</strong></span> <span class='ocrx_word' id='word_1_140' title='bbox 506 2685 598 2761; x_wconf 91' lang='lat' dir='ltr'><strong>puris</strong></span> <span class='ocrx_word' id='word_1_141' title='bbox 623 2679 720 2743; x_wconf 81' lang='lat' dir='ltr'><strong>facile</strong></span> <span class='ocrx_word' id='word_1_142' title='bbox 745 2688 799 2742; x_wconf 91' lang='lat' dir='ltr'><strong>est</strong></span> <span class='ocrx_word' id='word_1_143' title='bbox 826 2686 995 2762; x_wconf 83' lang='lat' dir='ltr'><strong>inserpere</strong></span> <span class='ocrx_word' id='word_1_144' title='bbox 1020 2675 1136 2757; x_wconf 88' lang='lat' dir='ltr'><strong>labes,</strong></span> 
     </span>
     <span class='ocr_line' id='line_1_26' title="bbox 199 2773 1159 2860; baseline -0.003 -21"><span class='ocrx_word' id='word_1_145' title='bbox 199 2775 294 2839; x_wconf 75' lang='lat' dir='ltr'><strong>(luae</strong></span> <span class='ocrx_word' id='word_1_146' title='bbox 320 2773 460 2838; x_wconf 91' lang='lat' dir='ltr'><strong>noudum</strong></span> <span class='ocrx_word' id='word_1_147' title='bbox 486 2780 617 2858; x_wconf 88' lang='lat' dir='ltr'><strong>penitus</strong></span> <span class='ocrx_word' id='word_1_148' title='bbox 644 2775 794 2854; x_wconf 81' lang='lat' dir='ltr'><strong>deletae,</strong></span> <span class='ocrx_word' id='word_1_149' title='bbox 819 2775 983 2860; x_wconf 77' lang='lat' dir='ltr'><strong>abstergit</strong></span> <span class='ocrx_word' id='word_1_150' title='bbox 1006 2780 1041 2836; x_wconf 92' lang='lat' dir='ltr'><strong>et</strong></span> <span class='ocrx_word' id='word_1_151' title='bbox 1068 2779 1159 2856; x_wconf 88' lang='lat' dir='ltr'><strong>aptat</strong></span> 
     </span>
     <span class='ocr_line' id='line_1_27' title="bbox 199 2869 1043 2938; baseline -0.004 -4"><span class='ocrx_word' id='word_1_152' title='bbox 199 2869 248 2936; x_wconf 81' lang='lat' dir='ltr'><strong>ad</strong></span> <span class='ocrx_word' id='word_1_153' title='bbox 277 2892 360 2935; x_wconf 87' lang='lat' dir='ltr'><strong>nova</strong></span> <span class='ocrx_word' id='word_1_154' title='bbox 383 2880 543 2936; x_wconf 88' lang='lat' dir='ltr'><strong>venturae</strong></span> <span class='ocrx_word' id='word_1_155' title='bbox 569 2876 723 2938; x_wconf 83' lang='lat' dir='ltr'><strong>convivas</strong></span> <span class='ocrx_word' id='word_1_156' title='bbox 748 2872 875 2937; x_wconf 83' lang='lat' dir='ltr'><strong>fercula</strong></span> <span class='ocrx_word' id='word_1_157' title='bbox 899 2889 1043 2934; x_wconf 91' lang='lat' dir='ltr'><strong>mensae.</strong></span> 
     </span>
    </p>
   </div>
   <div class='ocr_carea' id='block_1_3' title="bbox 198 3059 1239 3738">
    <p class='ocr_par' dir='ltr' id='par_1_9' title="bbox 198 3059 1239 3738">
     <span class='ocr_line' id='line_1_28' title="bbox 296 3059 1239 3151; baseline -0.008 -21"><span class='ocrx_word' id='word_1_158' title='bbox 296 3065 356 3133; x_wconf 83' lang='lat' dir='ltr'><strong>llis</strong></span> <span class='ocrx_word' id='word_1_159' title='bbox 383 3072 486 3149; x_wconf 86' lang='lat' dir='ltr'><strong>actis,</strong></span> <span class='ocrx_word' id='word_1_160' title='bbox 513 3065 638 3151; x_wconf 89' lang='lat' dir='ltr'><strong>majora</strong></span> <span class='ocrx_word' id='word_1_161' title='bbox 662 3087 798 3131; x_wconf 88' lang='lat' dir='ltr'><strong>moveos</strong></span> <span class='ocrx_word' id='word_1_162' title='bbox 817 3073 1001 3150; x_wconf 87' lang='lat' dir='ltr'><strong>iterumque</strong></span> <span class='ocrx_word' id='word_1_163' title='bbox 1027 3059 1239 3138; x_wconf 86' lang='lat' dir='ltr'><strong>recumbens,</strong></span> 
     </span>
     <span class='ocr_line' id='line_1_29' title="bbox 198 3163 1222 3249; baseline -0.004 -21"><span class='ocrx_word' id='word_1_164' title='bbox 198 3163 308 3249; x_wconf 82' lang='lat' dir='ltr'><strong>Atque</strong></span> <span class='ocrx_word' id='word_1_165' title='bbox 330 3163 445 3229; x_wconf 88' lang='lat' dir='ltr'><strong>oculos</strong></span> <span class='ocrx_word' id='word_1_166' title='bbox 471 3165 768 3244; x_wconf 86' lang='lat' dir='ltr'><strong>coelo-attollens,</strong></span> <span class='ocrx_word' id='word_1_167' title='bbox 795 3183 1006 3247; x_wconf 89' lang='lat' dir='ltr'><strong>oeroremque</strong></span> <span class='ocrx_word' id='word_1_168' title='bbox 1032 3175 1222 3241; x_wconf 80' lang='lat' dir='ltr'><strong>merumque</strong></span> 
     </span>
     <span class='ocr_line' id='line_1_30' title="bbox 199 3260 1061 3347; baseline -0.003 -22"><span class='ocrx_word' id='word_1_169' title='bbox 199 3260 414 3346; x_wconf 85' lang='lat' dir='ltr'><strong>Omnipotens</strong></span> <span class='ocrx_word' id='word_1_170' title='bbox 439 3260 517 3346; x_wconf 90' lang='lat' dir='ltr'><strong>illo,</strong></span> <span class='ocrx_word' id='word_1_171' title='bbox 548 3283 612 3347; x_wconf 89' lang='lat' dir='ltr'><strong>quo</strong></span> <span class='ocrx_word' id='word_1_172' title='bbox 640 3263 783 3327; x_wconf 86' lang='lat' dir='ltr'><strong>condidit</strong></span> <span class='ocrx_word' id='word_1_173' title='bbox 810 3268 916 3325; x_wconf 89' lang='lat' dir='ltr'><strong>omnia</strong></span> <span class='ocrx_word' id='word_1_174' title='bbox 941 3260 1061 3340; x_wconf 90' lang='lat' dir='ltr'><strong>verbo,</strong></span> 
     </span>
     <span class='ocr_line' id='line_1_31' title="bbox 198 3357 1099 3445; baseline -0.002 -23"><span class='ocrx_word' id='word_1_175' title='bbox 198 3358 349 3423; x_wconf 89' lang='lat' dir='ltr'><strong>Divinam</strong></span> <span class='ocrx_word' id='word_1_176' title='bbox 374 3365 404 3422; x_wconf 92' lang='lat' dir='ltr'><strong>in</strong></span> <span class='ocrx_word' id='word_1_177' title='bbox 431 3379 559 3424; x_wconf 86' lang='lat' dir='ltr'><strong>carnem</strong></span> <span class='ocrx_word' id='word_1_178' title='bbox 587 3367 621 3423; x_wconf 90' lang='lat' dir='ltr'><strong>et</strong></span> <span class='ocrx_word' id='word_1_179' title='bbox 647 3359 746 3424; x_wconf 87' lang='lat' dir='ltr'><strong>divini</strong></span> <span class='ocrx_word' id='word_1_180' title='bbox 774 3361 951 3445; x_wconf 75' lang='lat' dir='ltr'><strong>Sanguinis</strong></span> <span class='ocrx_word' id='word_1_181' title='bbox 979 3357 1099 3421; x_wconf 85' lang='lat' dir='ltr'><strong>almum</strong></span> 
     </span>
     <span class='ocr_line' id='line_1_32' title="bbox 199 3454 995 3541; baseline -0.003 -21"><span class='ocrx_word' id='word_1_182' title='bbox 199 3454 341 3521; x_wconf 84' lang='lat' dir='ltr'><strong>Mutavit</strong></span> <span class='ocrx_word' id='word_1_183' title='bbox 367 3456 495 3521; x_wconf 89' lang='lat' dir='ltr'><strong>laticem</strong></span> <span class='ocrx_word' id='word_1_184' title='bbox 518 3464 552 3520; x_wconf 86' lang='lat' dir='ltr'><strong>et</strong></span> <span class='ocrx_word' id='word_1_185' title='bbox 576 3457 686 3522; x_wconf 83' lang='lat' dir='ltr'><strong>abaris</strong></span> <span class='ocrx_word' id='word_1_186' title='bbox 711 3463 857 3541; x_wconf 87' lang='lat' dir='ltr'><strong>porrexit</strong></span> <span class='ocrx_word' id='word_1_187' title='bbox 882 3460 995 3520; x_wconf 76' lang='lat' dir='ltr'><strong>amieis</strong></span> 
     </span>
     <span class='ocr_line' id='line_1_33' title="bbox 198 3551 1099 3640; baseline 0.004 -24"><span class='ocrx_word' id='word_1_188' title='bbox 198 3553 310 3636; x_wconf 90' lang='lat' dir='ltr'><strong>lllum,</strong></span> <span class='ocrx_word' id='word_1_189' title='bbox 337 3554 445 3638; x_wconf 89' lang='lat' dir='ltr'><strong>illum,</strong></span> <span class='ocrx_word' id='word_1_190' title='bbox 473 3575 568 3640; x_wconf 84' lang='lat' dir='ltr'><strong>quern</strong></span> <span class='ocrx_word' id='word_1_191' title='bbox 594 3553 691 3619; x_wconf 82' lang='lat' dir='ltr'><strong>ferali</strong></span> <span class='ocrx_word' id='word_1_192' title='bbox 712 3563 788 3639; x_wconf 87' lang='lat' dir='ltr'><strong>post</strong></span> <span class='ocrx_word' id='word_1_193' title='bbox 813 3558 925 3638; x_wconf 87' lang='lat' dir='ltr'><strong>stipite</strong></span> <span class='ocrx_word' id='word_1_194' title='bbox 952 3551 1099 3640; x_wconf 84' lang='lat' dir='ltr'><strong>pendens</strong></span> 
     </span>
     <span class='ocr_line' id='line_1_34' title="bbox 198 3649 1010 3738; baseline 0 -24"><span class='ocrx_word' id='word_1_195' title='bbox 198 3649 321 3717; x_wconf 82' lang='lat' dir='ltr'><strong>Effudit</strong></span> <span class='ocrx_word' id='word_1_196' title='bbox 349 3652 452 3718; x_wconf 91' lang='lat' dir='ltr'><strong>olavis</strong></span> <span class='ocrx_word' id='word_1_197' title='bbox 477 3652 651 3738; x_wconf 82' lang='lat' dir='ltr'><strong>perfossus</strong></span> <span class='ocrx_word' id='word_1_198' title='bbox 678 3651 824 3716; x_wconf 87' lang='lat' dir='ltr'><strong>membra</strong></span> <span class='ocrx_word' id='word_1_199' title='bbox 851 3672 1010 3722; x_wconf 85' lang='lat' dir='ltr'><strong>cruorem.</strong></span> 
     </span>
    </p>
   </div>
   <div class='ocr_carea' id='block_1_4' title="bbox 198 3844 1108 4222">
    <p class='ocr_par' dir='ltr' id='par_1_10' title="bbox 198 3844 1108 4222">
     <span class='ocr_line' id='line_1_35' title="bbox 296 3844 1087 3932; baseline 0 -22"><span class='ocrx_word' id='word_1_200' title='bbox 296 3844 446 3912; x_wconf 74' lang='lat' dir='ltr'><strong>emittar</strong></span> <span class='ocrx_word' id='word_1_201' title='bbox 470 3846 554 3910; x_wconf 92' lang='lat' dir='ltr'><strong>baec</strong></span> <span class='ocrx_word' id='word_1_202' title='bbox 577 3846 653 3912; x_wconf 91' lang='lat' dir='ltr'><strong>olim</strong></span> <span class='ocrx_word' id='word_1_203' title='bbox 678 3845 815 3910; x_wconf 87' lang='lat' dir='ltr'><strong>coelesti</strong></span> <span class='ocrx_word' id='word_1_204' title='bbox 841 3850 969 3910; x_wconf 88' lang='lat' dir='ltr'><strong>numine</strong></span> <span class='ocrx_word' id='word_1_205' title='bbox 993 3851 1087 3932; x_wconf 88' lang='lat' dir='ltr'><strong>virga</strong></span> 
     </span>
     <span class='ocr_line' id='line_1_36' title="bbox 199 3943 1022 4032; baseline -0.004 -24"><span class='ocrx_word' id='word_1_206' title='bbox 199 3943 352 4008; x_wconf 84' lang='lat' dir='ltr'><strong>Caerulei</strong></span> <span class='ocrx_word' id='word_1_207' title='bbox 378 3964 530 4029; x_wconf 87' lang='lat' dir='ltr'><strong>squamas</strong></span> <span class='ocrx_word' id='word_1_208' title='bbox 556 3950 722 4032; x_wconf 86' lang='lat' dir='ltr'><strong>serpentis</strong></span> <span class='ocrx_word' id='word_1_209' title='bbox 748 3953 782 4009; x_wconf 87' lang='lat' dir='ltr'><strong>et</strong></span> <span class='ocrx_word' id='word_1_210' title='bbox 806 3945 911 4010; x_wconf 87' lang='lat' dir='ltr'><strong>ardua</strong></span> <span class='ocrx_word' id='word_1_211' title='bbox 935 3943 1022 4010; x_wconf 91' lang='lat' dir='ltr'><strong>eolla</strong></span> 
     </span>
     <span class='ocr_line' id='line_1_37' title="bbox 198 4039 1108 4130; baseline -0.007 -25"><span class='ocrx_word' id='word_1_212' title='bbox 198 4039 303 4105; x_wconf 84' lang='lat' dir='ltr'><strong>Induit</strong></span> <span class='ocrx_word' id='word_1_213' title='bbox 329 4049 362 4106; x_wconf 87' lang='lat' dir='ltr'><strong>et</strong></span> <span class='ocrx_word' id='word_1_214' title='bbox 388 4048 535 4130; x_wconf 86' lang='lat' dir='ltr'><strong>magicos</strong></span> <span class='ocrx_word' id='word_1_215' title='bbox 560 4045 621 4107; x_wconf 89' lang='lat' dir='ltr'><strong>sub</strong></span> <span class='ocrx_word' id='word_1_216' title='bbox 647 4043 796 4110; x_wconf 87' lang='lat' dir='ltr'><strong>faucibus</strong></span> <span class='ocrx_word' id='word_1_217' title='bbox 822 4041 947 4108; x_wconf 84' lang='lat' dir='ltr'><strong>abdidit</strong></span> <span class='ocrx_word' id='word_1_218' title='bbox 972 4057 1108 4126; x_wconf 85' lang='lat' dir='ltr'><strong>angues.</strong></span> 
     </span>
     <span class='ocr_line' id='line_1_38' title="bbox 198 4137 1036 4222; baseline -0.005 -19"><span class='ocrx_word' id='word_1_219' title='bbox 198 4137 293 4204; x_wconf 78' lang='lat' dir='ltr'><strong>llauvl</strong></span> <span class='ocrx_word' id='word_1_220' title='bbox 318 4139 415 4207; x_wconf 89' lang='lat' dir='ltr'><strong>aliter</strong></span> <span class='ocrx_word' id='word_1_221' title='bbox 438 4140 539 4207; x_wconf 84' lang='lat' dir='ltr'><strong>verbo</strong></span> <span class='ocrx_word' id='word_1_222' title='bbox 563 4141 680 4208; x_wconf 83' lang='lat' dir='ltr'><strong>artifici</strong></span> <span class='ocrx_word' id='word_1_223' title='bbox 707 4162 745 4208; x_wconf 88' lang='lat' dir='ltr'><strong>se</strong></span> <span class='ocrx_word' id='word_1_224' title='bbox 770 4149 880 4208; x_wconf 85' lang='lat' dir='ltr'><strong>rector</strong></span> <span class='ocrx_word' id='word_1_225' title='bbox 906 4137 1036 4222; x_wconf 80' lang='lat' dir='ltr'><strong>Olympi</strong></span> 
     </span>
    </p>
   </div>
   <div class='ocr_carea' id='block_1_5' title="bbox 0 0 1532 4757">
    <p class='ocr_par' dir='ltr' id='par_1_11' title="bbox 0 0 1532 4757">
     <span class='ocr_line' id='line_1_39' title="bbox 0 0 1532 4757; baseline 0 0"><span class='ocrx_word' id='word_1_226' title='bbox 0 0 1532 4757; x_wconf 95' lang='lat' dir='ltr'><strong> </strong></span> 
     </span>
    </p>
   </div>
  </div>
 </body>
</html>
