3060 4752
642 221 884 275 CHlllS'l’ldDOS

317 409 460 494 Jamque
486 407 715 474 Aremathides
731 429 901 474 concesso
928 425 1061 470 munere
1087 406 1195 470 laetus

220 505 408 572 Rettulerat
433 527 602 592 gressum,
629 527 846 592 supremaque
872 505 956 569 dona
979 503 1147 588 sepulchri

220 604 385 690 Prodigus
411 603 517 668 effuso
543 611 575 668 in
601 610 740 692 pretium
769 603 951 688 collegerat
976 623 1074 684 auro,

220 700 261 764 Et
286 705 370 764 sacri
395 707 558 787 interpres
578 700 665 784 juris
691 700 910 783 Nicodamus,
940 705 1045 764 otico

219 798 346 864 Obvius
375 819 414 862 ac
440 798 539 862 simili
565 804 718 862 incensus
743 801 878 880 pietatis
907 817 1034 877 amore,

219 896 354 960 Centum
382 894 484 959 Alcis
511 894 616 958 libras
639 901 673 958 et
699 896 819 960 odorae
844 901 876 958 in
903 894 1020 958 funcra
1047 894 1195 978 myrrhae

219 991 365 1057 Contulit
391 1000 425 1054 et
451 990 593 1056 farnulos
620 997 737 1058 animis
758 993 928 1077 rebusque
953 999 1092 1075 paratos

219 1089 276 1153 Nil
301 1097 467 1171 metuens,
496 1095 589 1176 operi
615 1087 771 1172 adjunxit.
823 1089 887 1154 Vix
911 1094 1017 1156 ornnis
1042 1089 1084 1154 ab
1113 1093 1203 1174 agris

220 1187 358 1252 Vicinae
384 1191 414 1248 iu
441 1207 550 1250 muros
575 1186 715 1272 populus
741 1187 933 1278 decesserat
958 1187 1069 1267 urbis,

220 1284 372 1348 Crastina
393 1290 557 1350 maturans
584 1284 710 1349 solenni
737 1285 862 1349 fercula
888 1303 1039 1366 mensae,

221 1381 300 1445 Cum
327 1401 466 1467 propere
492 1382 639 1447 admotas
663 1381 775 1446 famuli
801 1382 864 1446 sub
890 1387 1005 1468 stipite
1031 1379 1141 1446 scalas

220 1478 447 1563 Constituunt,
476 1481 593 1562 quibus
619 1485 768 1544 ascensis
795 1479 995 1544 Nicodamus
1022 1479 1062 1542 ab
1090 1499 1152 1542 uno

222 1573 367 1640 Adnixus
393 1574 501 1655 latere
526 1586 625 1662 atque
648 1576 711 1642 alia
736 1577 777 1641 de
803 1585 897 1661 parte
921 1575 1093 1660 «Iosephus

221 1673 339 1738 lnfixos
367 1674 514 1738 manibus
541 1674 654 1738 clavos
681 1683 812 1738 traxere
839 1674 961 1738 foratis

219 1770 246 1835 E
273 1770 414 1855 pedibus
441 1767 592 1857 geminos
618 1770 778 1856 lacrymas
800 1772 843 1836 ad
871 1771 1001 1856 singula
1026 1768 1165 1835 fundens

140 1929 150 1944 ,
219 1867 365 1933 Verbera
393 1869 581 1951 parthenius
602 1867 735 1952 juvenis
763 1868 906 1934 detrudit
930 1876 964 1932 et
989 1868 1103 1937 ambos

220 1964 386 2054 Magdalis
412 1961 445 2030 in
472 1972 630 2053 gremium
655 1965 757 2031 multa
781 1973 966 2050 exorantis,
993 1965 1102 2030 acerbi

219 2063 453 2152 Argumentum
478 2070 596 2151 ingens
623 2069 922 2149 incrementumquc
952 2063 1094 2142 doloris,
1150 2118 1153 2127 .

220 2163 391 2248 Deposuit.
442 2162 576 2247 Corpus.
596 2163 762 2231 CHRISTI
789 2161 993 2242 miserabile,
1020 2165 1134 2225 amieis
1232 2199 1239 2208 ·

222 2258 351 2325 Auxilio
376 2264 463 2324 tristi
488 2261 721 2342 subeuntibus,
747 2263 819 2342 ipse
847 2263 992 2344 parentis

221 2355 353 2421 Detulit
376 2361 406 2420 in
438 2363 576 2420 miserae
604 2361 763 2442 gremium
792 2357 996 2442 genibusque
1021 2354 1153 2420 volutus

221 2453 264 2518 Et
290 2453 440 2537 lacrymis
466 2459 554 2540 rigat
580 2459 614 2516 et
638 2452 733 2516 lateri
760 2453 887 2518 defixus
916 2454 1075 2518 inhaeret

220 2550 316 2615 Nunc
342 2550 407 2614 lixo
433 2571 553 2614 saevae
579 2548 759 2634 perlustrat
784 2549 905 2615 lumine
931 2550 1061 2638 plagam

221 2646 375 2734 Cuspidis
402 2647 591 2732 effossoque
617 2655 732 2732 patens
759 2654 790 2712 in
818 2657 951 2734 pectore
973 2647 1107 2712 vulnus:

221 2745 316 2809 Nunc
342 2743 445 2828 majus
472 2751 559 2809 tristi
587 2747 649 2810 sub
676 2745 772 2810 corde
798 2747 939 2812 revolvit
967 2749 1089 2811 amoris

222 2843 373 2906 lmmensi
401 2842 540 2925 vulnus,
567 2843 732 2929 durosque
758 2851 959 2910 miserrimus
986 2850 1051 2908 imo

221 2939 328 3004 Corde
355 2941 456 3006 trabit
480 2949 630 3029 gemitus.
682 2941 808 3006 (tuales
835 2941 1045 3006 moribundus
1072 2944 1102 3002 in
1131 2945 1202 3024 ipso

222 3038 346 3102 Limine
371 3039 529 3124 latorum,
557 3062 629 3106 cum
650 3039 717 3122 jam
747 3038 939 3126 praecordia
965 3043 1084 3103 victrix

222 3135 317 3201 Mors
343 3136 442 3218 ierit,
466 3144 501 3201 et
521 3137 635 3222 jaculo
661 3141 728 3200 vita
753 3143 941 3222 expugnata
966 3135 1101 3200 recedit.

318 3331 362 3396 Ut
388 3353 467 3396 vero
493 3338 661 3396 exanimes
687 3338 778 3394 artus
805 3337 1026 3395 moestissima
1053 3336 1148 3416 virgo

223 3430 360 3512 Excepit
385 3435 526 3516 gremio,
552 3428 677 3509 luctus,
705 3433 854 3512 pietatis,
880 3432 1002 3493 amoris

223 3528 393 3590 Certamen
422 3524 641 3590 miserandum
665 3545 856 3610 oppressam
886 3547 949 3589 uno
976 3529 1106 3612 agmine
1131 3530 1269 3588 matrem

222 3623 374 3704 Diripuit,
427 3621 558 3686 Crebris
584 3643 697 3688 vocem
722 3624 924 3710 singultibus
951 3641 1129 3707 omnesque

223 3715 370 3782 Affectus
397 3724 492 3783 animi
518 3725 634 3806 premit
660 3730 693 3784 et
720 3721 906 3786 miserabile
933 3740 1051 3804 corpus

222 3817 396 3901 Perpetuis
422 3822 603 3902 iterumque
630 3825 813 3904 iterumque
835 3816 1039 3900 amplexibus
1067 3816 1176 3879 ambit

221 3912 270 3978 Ac
295 3913 386 3978 velut
411 3913 467 3978 ille
495 3915 631 3980 colorati
659 3917 778 4000 praedo
804 3919 890 3980 airis
914 3921 945 3976 in
973 3935 1012 3977 se

221 4011 366 4076 Attrahit
388 4019 559 4099 oppositos
586 4019 710 4078 variata
734 4013 822 4099 pelle
847 4011 992 4076 colores:

221 4107 276 4173 Sic
301 4115 395 4198 virgo
424 4111 553 4194 infelix,
581 4111 763 4197 faciemque
790 4109 982 4194 modumque
1011 4108 1134 4189 doloris
