3082 4748
670 231 913 288 cumsvtnnos

239 422 385 504 Imperat
413 423 583 484 exanimes
609 426 698 484 artus
726 417 858 502 prodire
883 417 1047 503 sepulcro.

238 519 373 604 Elysias
399 521 518 603 ingens
545 515 666 582 elamor
690 519 875 603 penetravit
900 521 931 578 in
958 516 1106 597 umbras,

239 617 284 682 Et
309 615 421 680 subito
449 613 580 702 Aligeri
606 622 732 698 raptum
756 635 815 698 per
839 619 969 678 viscera
995 620 1108 679 terrae
1158 653 1161 660 .

239 713 416 794 Abduxere
442 719 579 778 unimam
606 712 720 778 tumuli
747 709 860 776 ferulis
887 717 919 778 in
946 718 1084 774 antrum.

238 813 315 879 Nun
343 815 437 898 rapio
462 817 535 896 ipse
562 809 706 895 modnm3
733 809 792 876 sed
819 814 903 872 enlm
931 807 1079 874 velocior
1104 808 1167 874 uiis

238 910 397 976 Fulminis
425 907 501 973 elisi
525 916 642 990 putres
668 927 706 972 se
731 913 803 972 vite
829 914 1002 990 perettus

239 1009 430 1087 insinuans,
458 1026 594 1072 sensum
625 1005 778 1073 membris
806 1003 925 1070 infudit
950 1013 984 1068 et
1010 1026 1070 1069 nra

238 1104 361 1169 Tubida
387 1123 557 1189 purpureo
584 1104 720 1169 redivivi
747 1109 921 1190 sanguinis
949 1109 1042 1168 ostro

238 1202 377 1286 lmbuit3
404 1207 438 1266 et
462 1221 583 1266 nervos
613 1202 701 1267 cador
728 1209 761 1266 et
790 1209 945 1269 concretu
968 1200 1095 1266 relaxet

240 1298 378 1362 Viscera
405 1304 439 1361 et
466 1318 603 1366 arcanas
631 1306 754 1364 enimet
778 1318 839 1384 per
864 1299 945 1363 duva
972 1296 1133 1362 medullas

238 1396 329 1460 Ossa
355 1415 478 1460 means.
531 1396 618 1462 Quid
645 1396 738 1482 plura
762 1397 912 1481 sequar?
938 1405 1118 1460 renovatus
1143 1395 1183 1458 ub
1210 1403 1281 1460 utro

238 1492 405 1558 Marmore
437 1491 626 1580 (discipulis
654 1495 760 1560 vinela
787 1493 1035 1576 exolveutibus)
1060 1495 1184 1579 hospes

239 1590 313 1655 Non
343 1598 557 1676 expectatus,
584 1594 717 1658 funesto
742 1591 881 1658 sindone
907 1591 992 1656 undu

239 1687 391 1752 Membra
406 1692 533 1774 tegens
559 1712 674 1777 srrrgo.
727 1689 898 1756 Attonitos
924 1688 963 1753 de
992 1688 1102 1762 limine
1129 1687 1235 1752 lustro

240 1784 429 1865 Attonitus,
456 1793 636 1874 mortisque
664 1789 773 1852 obitus
800 1793 952 1871 vitaeque
978 1794 1132 1870 receptae

241 1883 429 1964 immemor,
459 1892 493 1947 et
515 1891 627 1972 magni
654 1883 782 1951 offusus
809 1884 952 1971 ealigine
981 1884 1073 1965 doni,

240 1979 448 2046 Postbumus
474 1986 546 2066 ipse
572 1983 667 2066 mihi,
692 1984 864 2050 aethereus
890 1982 943 2048 bis
968 1991 1065 2049 nutus
1091 1986 1125 2049 in
1150 2001 1271 2048 eurus·
1297 2034 1301 2044 ,

309 2211 311 2216 ,
337 2173 399 2238 'Sic
422 2175 540 2242 illibati
566 2185 680 2264 partus
706 2149 863 2244 mtroouta
888 2186 922 2242 et
948 2199 1074 2244 omnem

241 2271 301 2336 Bis
328 2277 431 2358 geniti
460 2273 630 2340 historiam
658 2276 824 2344 Οιιιιιετι
850 2275 1032 2340 Rethonius
1058 2275 1158 2350 heros.

241 2367 402 2432 Omnibus
429 2375 564 2434 intentis
589 2370 755 2452 referens,
782 2371 928 2434 Romanu
950 2371 1124 2454 stupendis

240 2463 384 2528 Pectora
409 2465 587 2550 quaerebat
612 2467 711 2532 factis
738 2488 857 2551 capere
883 2476 957 2532 ante
982 2474 1156 2554 vicemque

242 2559 296 2640 (Si
323 2582 387 2646 qua
412 2561 480 2626 futu
506 2567 632 2643 sinunt)
659 2569 808 2650 perituro
835 2559 973 2630 reddere
1000 2572 1117 2632 amieo.

241 2655 410 2743 Prodigiis
436 2667 552 2746 eaptus
573 2659 675 2745 judex
701 2665 891 2750 ingentibus
917 2663 1031 2750 implet

240 2753 442 2838 Promissis,
469 2757 638 2845 multoque
664 2763 837 2828 abeuntem
863 2761 903 2828 ud
928 2759 1041 2828 limina
1069 2763 1192 2828 honore

240 2851 403 2935 Deducit,
429 2876 603 2940 procerum
630 2867 726 2926 coetu
753 2865 947 2945 eomitante3
974 2861 1033 2926 sed
1059 2879 1160 2926 turne

240 2948 335 3014 liuto
360 2961 509 3019 ventosis
535 2961 664 3041 rapiunt
689 2966 853 3044 proruisse
880 2958 1047 3044 procellis.
