3060 4752
656 213 898 272 omisimus
1281 221 1432 274 Μ-θθῦ

231 401 355 468 Annuit
380 399 815 488 Ausonrdussmnnemqne
839 408 1047 488 animumque
1067 403 1261 490 detwinus,

231 499 417 586 inspirante
443 498 545 583 Dm,
572 505 701 568 venturi
726 506 917 584 praescius,
945 501 1026 566 iniit.

232 597 325 663 Sicut
352 595 544 683 Olympiaca
571 603 625 682 qui
651 597 771 664 sudant
796 598 950 686 pulvere,
978 615 1100 666 cursu

231 696 375 778 Exacto,
403 694 491 758 elata
517 701 690 780 praeconis
716 717 801 762 voce
823 701 916 762 citati

230 793 383 858 Victores
409 791 550 877 palmam
575 798 754 877 accipiunt,
781 793 922 880 ingloria
948 794 1033 860 cedit

231 890 341 957 Turba
367 897 577 978 ignavorum:
604 897 654 958 sic
680 911 751 957 cnm
776 890 905 979 dilapsa
928 897 1090 980 rigentem

230 989 309 1054 Vita
333 987 420 1076 fugit
444 995 608 1070 truncum,
638 999 754 1056 exacto
781 995 956 1056 certamine
976 990 1079 1074 judex

232 1086 450 1169 Omnipotens
477 1092 593 1152 statuit
617 1087 725 1175 dignis
751 1109 813 1152 sna
840 1095 1006 1173 praemia}
1027 1095 1138 1174 pravis

233 1182 412 1270 Supplicia.
463 1183 638 1268 Excipiunt
663 1190 807 1252 miseros
830 1187 1025 1254 flammantis
1052 1183 1176 1252 Auenti

231 1279 367 1346 Fumida
392 1280 555 1364 claustra,
583 1290 658 1366 pios
684 1281 787 1348 Limbi
815 1305 918 1350 vacua
942 1291 1027 1350 atria
1052 1295 1197 1350 servent.

232 1379 317 1444 Nam
342 1385 436 1463 primi
461 1385 600 1446 miseros
629 1381 722 1448 labes
749 1380 882 1448 funesta
907 1390 1020 1448 reatus

233 1477 339 1558 [Ante
363 1498 476 1544 necem
501 1479 685 1556 CHRISTI)
710 1485 806 1566 regni
833 1479 993 1545 coelestia
1016 1485 1165 1546 amoenis

234 1574 354 1639 Afflata
380 1575 420 1639 de
447 1581 551 1662 stirpe
578 1584 671 1640 natos
696 1577 829 1642 arcebat
854 1579 895 1646 ab
919 1577 1016 1644 aulis.

234 1673 301 1738 Sed
328 1673 426 1738 Pater
452 1680 658 1758 omnipotens
684 1674 811 1759 lapsum
840 1681 1016 1743 miseratus
1042 1674 1202 1742 Adamum

233 1770 307 1835 Nec
332 1793 473 1856 passus,
501 1771 621 1838 cbaroe
647 1772 787 1840 alienum
815 1773 856 1837 ob
883 1779 1007 1840 crimea
1033 1779 1158 1841 amicos

233 1868 369 1933 Excludi
396 1867 510 1952 coelo,
538 1868 663 1934 stellati
689 1892 708 1934 e
733 1870 859 1936 fornice
887 1869 1017 1956 Olympi

235 1964 445 2052 Aeqnaevnm
472 1973 560 2032 misit
586 1978 712 2052 natum,
740 1973 795 2054 qui
821 1975 983 2057 sangnine
1008 1969 1083 2034 fuso

235 2065 384 2130 Criminis
409 2067 543 2131 infausti
568 2066 657 2132 diras
685 2065 834 2132 aboleret
861 2076 895 2132 ct
920 2085 1029 2140 arcem

234 2163 403 2228 Sideream
428 2169 559 2249 superis
586 2187 605 2230 a
630 2185 789 2230 marmore
813 2165 960 2233 redditus
985 2170 1078 2232 auria

233 2262 398 2326 Panderet
423 2270 456 2328 et
481 2269 614 2328 meritas
640 2263 777 2328 inferret
802 2269 833 2328 in
861 2263 1003 2329 aetbera
1027 2269 1163 2328 inernies.

234 2359 422 2444 Impositum
443 2359 511 2442 jam
538 2359 734 2430 Curtis‘rus
762 2379 843 2444 opus
870 2361 1022 2447 perfecit.
1074 2359 1108 2425 lo
1132 2359 1207 2439 ritu,

237 2457 343 2522 (luam
370 2455 464 2521 coelo
488 2461 623 2522 veniens
649 2462 789 2540 sumpsit
815 2457 855 2522 de
881 2457 1018 2545 Virgine
1044 2473 1161 2538 carne,
1217 2503 1221 2510 ·

236 2552 345 2617 Verus
373 2554 470 2616 horno
497 2553 684 2636 demaine,
713 2552 803 2620 Dens
829 2554 870 2620 de
900 2563 1012 2638 patre,
1034 2553 1161 2641 sepulti
1234 2629 1237 2635 ,

237 2650 278 2715 Vi
304 2657 412 2736 patria
437 2651 561 2739 rigidus
589 2651 745 2716 animabit
770 2659 919 2738 corporis
946 2661 1039 2720 artus
1116 2697 1118 2704 ,

237 2748 481 2832 coelestesque
503 2749 600 2816 orbes
627 2767 787 2835 superans
812 2751 986 2836 scurriet,
1015 2758 1050 2816 et
1075 2769 1179 2816 aureo
1301 2743 1303 2748 ’

238 2847 371 2911 Aeterni
398 2845 505 2912 clarus
532 2847 617 2912 solio
643 2858 843 2936 sceptroque
870 2854 1030 2934 parentis,

236 2945 412 3011 Fraenabit
437 2945 591 3012 famulum
618 2936 777 3012 communi
806 2953 936 3012 numine
959 2942 1121 3012 mundum.

237 3044 323 3109 Nam
349 3052 446 3128 pater
470 3049 696 3128 omnipotens,
724 3051 848 3128 natum,
876 3066 939 3109 aon
966 3040 1122 3108 mollibus
1149 3040 1234 3109 ultro

237 3144 409 3207 Parentem
438 3147 603 3226 imperiis,
629 3147 747 3204 merito
773 3142 963 3228 complexus
989 3158 1119 3224 amoro,

237 3240 366 3305 Evebet
391 3245 421 3303 in
449 3238 603 3322 coelum,x
619 3258 805 3324 magnoque
832 3241 874 3304 ob
901 3243 1015 3306 tristia
1038 3238 1109 3304 duri

236 3336 380 3401 Vulnera
404 3336 485 3402 letbi
512 3340 789 3426 ignominiamque
814 3336 944 3402 attollet
970 3336 1097 3402 honore

237 3432 280 3496 Et
306 3439 470 3520 geminum
496 3438 644 3500 aeternis
669 3433 834 3500 damanbit
857 3434 989 3522 legibus
1016 3435 1144 3518 orbem,

238 3530 352 3594 Donec
378 3550 533 3614 suprema
560 3529 668 3596 mnndi
694 3530 755 3595 sub
781 3532 874 3614 luce,
901 3532 1008 3597 beatis

238 3626 422 3692 Coclituum
447 3632 564 3692 tunnis
590 3628 741 3700 reducem
768 3631 986 3718 stipantibus,
1013 3629 1081 3696 alto

239 3728 443 3810 Conspicuus
469 3722 571 3806 solio,
598 3727 713 3792 mediis
737 3734 771 3794 in
794 3728 955 3809 nubibus,
984 3729 1074 3794 orbis

239 3825 395 3892 Excutiet
419 3837 540 3888 causas
559 3821 662 3906 judex
688 3831 722 3889 et
747 3832 895 3912 praemia
920 3834 1032 3909 ponet.

332 4019 408 4084 dam
429 4039 524 4102 nnnc,
546 3965 725 4084 aethereas
743 4027 916 4104 postquam
936 4020 1168 4089 conscenderit
1183 4039 1291 4102 arnam

240 4117 422 4184 Verborum
447 4121 587 4204 incipies
613 4117 804 4206 pondusque
829 4117 993 4204 fidemque
1020 4139 1179 4192 meorum
