3076 4744
668 229 910 283 ormisriauos

240 416 418 481 llortantnr
443 421 549 480 nmen
576 416 616 481 ad
641 417 789 498 facium,
816 421 1002 501 coguntque
1028 411 1199 478 volentem.

239 514 310 577 Nec
335 533 426 579 mora
450 513 641 599 sulphureis
660 513 800 598 jaculati
824 512 967 578 fulminis
993 509 1056 574 alis

239 612 367 696 0cyor,
392 611 523 698 obscuri
551 621 729 696 penetrans
755 629 853 673 caeca
879 612 965 672 invia
988 607 1096 674 mundi

239 708 375 791 Evolat,
400 717 436 772 et
461 709 541 773 diris
566 709 716 774 devotam
742 710 936 792 erumpitin
961 707 1084 772 urbem.

341 903 414 968 Non
442 901 555 990 procul
582 923 603 964 a
628 901 779 986 Solymae
806 906 924 983 muris,
951 902 1007 968 ubi
1032 900 1115 966 ludii
1143 908 1289 968 amoenis

238 1001 421 1067 Interiusus
446 1004 554 1087 agris,
581 1005 698 1066 vitreis
723 999 916 1086 spectabilis
941 999 1036 1064 undis

239 1103 325 1166 Fons
352 1096 461 1179 Siloii,
489 1095 647 1182 quondam
675 1106 810 1164 aeterna
834 1097 1036 1162 lectissimus
1062 1098 1175 1165 umbra

237 1197 347 1260 Lucus
373 1203 454 1258 erat.
505 1193 605 1260 Locis
630 1195 782 1261 Salomon
808 1196 894 1259 hunc
920 1195 1071 1260 omnibus
1097 1213 1194 1259 unum

237 1290 413 1356 Praetulit:
443 1291 497 1356 hic
524 1294 657 1379 rapidos
682 1293 829 1380 gaudena
855 1292 988 1357 eludere
1013 1291 1123 1373 soles,

237 1390 404 1475 Sacraque
430 1389 541 1455 divino
568 1391 726 1456 modulari
753 1397 897 1455 carmina
922 1388 1057 1474 plectro.

236 1486 280 1551 Ut
305 1507 384 1551 vero
410 1487 577 1555 illecebris
598 1489 734 1557 fractus·
751 1488 982 1570 muliebribus,
1008 1507 1084 1551 aras

158 1663 162 1682 ι
237 1584 395 1665 Saturno,
421 1585 608 1672 Venerique
635 1607 732 1670 suar,
760 1586 958 1672 Bacchoque
984 1585 1104 1650 dicavit

236 1682 409 1767 Saevaque
435 1689 613 1769 progenies
639 1682 757 1769 Stygio
785 1684 910 1748 lactura
937 1682 1114 1764 lllolocho,

235 1779 396 1865 imposuit
421 1780 545 1866 rapidis
568 1781 726 1846 infantum
751 1777 1058 1845 viseera'ilamrnis:
1105 1797 1109 1802 ·

234 1876 285 1940 Ex
307 1874 364 1941 illo
391 1883 540 1965 ingratas
565 1877 689 1960 valler,
715 1878 890 1964 lucumque
918 1883 1053 1963 perenni

235 1974 429 2040 Damnatum
451 1974 623 2060 squalore,
637 1981 753 2042 ‘cornis
779 1977 990 2042 vernantibus
1014 1975 1147 2053 orbum,
1258 1975 1262 1982 ’

233 2071 276 2136 Et
303 2071 471 2138 Charilam
498 2075 639 2158 chorus,
666 2083 702 2140 et
727 2075 863 2140 formosi
893 2081 981 2140 veris
999 2072 1167 2138 alumnus·

234 2170 395 2235 Destituit
411 2171 602 2259 Zephyros.
653 2173 722 2240 ran
749 2169 942 2257 praenuntia
968 2171 1076 2250 bubo,

234 2267 495 2351 Obsooenaeque
521 2279 674 2354 stryges,
701 2279 735 2332 et
758 2269 824 2330 laci
849 2273 977 2333 inimica
1003 2269 1157 2328 cruentos
1277 2283 1280 2290 ’

234 2361 432 2444 Nyctioonax
459 2384 569 2426 ramos
596 2363 739 2443 habitat,
767 2362 953 2446 vulturque¹
971 2364 1085 2446 sagaci
1153 2391 1157 2408 ι
1224 2361 1230 2368 “

234 2459 340 2522 Trans
365 2467 499 2543 pontum
525 2458 641 2522 doctus
668 2458 869 2544 deprendere
899 2459 1015 2523 funera
1039 2453 1158 2520 rostro.
1207 2475 1209 2483 ’

234 2555 421 2620 Nocturnas
448 2555 516 2620 illic
542 2555 700 2637 choreas,
728 2551 911 2641 epulasque
938 2553 1072 2620 dolosas
1168 2597 1171 2604 -
1230 2589 1233 2601 ·

234 2651 407 2738 Sidoniae,
435 2654 639 2738 Tyriaeque,
667 2653 1161 2738 Palestinacquc.frequentant
1246 2673 1250 2679 ’

235 2749 395 2814 Medeae:
423 2773 526 2838 grave
551 2749 645 2816 olens
671 2751 794 2840 Magioi
820 2751 894 2816 Dux
920 2756 1074 2817 carminis
1102 2748 1223 2814 Hircus
1294 2791 1297 2800 =

234 2848 368 2912 instruit
394 2855 467 2933 ipse
492 2847 626 2934 epulas,
652 2858 685 2915 et
710 2857 820 2914 inania
845 2849 974 2915 fercula
994 2853 1104 2934 ponit:
1309 2843 1312 2850 ’

234 2945 275 3009 lli
301 2953 395 3010 vocat
421 2947 591 3013 admorsas
618 2967 757 3014 eversus
785 2947 827 3011 ad
852 2947 964 3010 oscula
991 2965 1102 3033 sagas.

233 3042 302 3106 llac
328 3049 392 3108 iter
418 3045 456 3110 ad
483 3045 648 3130 Superos,
674 3064 734 3128 per
760 3061 885 3126 opacae
903 3049 1040 3118 ,viscera
1066 3049 1212 3121 terrae,
1289 3062 1292 3075 ·

233 3141 414 3225 Tisiphone
439 3149 526 3228 rapit
551 3140 719 3216 exultans:
744 3159 849 3224 aeque
878 3145 961 3204 enim
988 3139 1095 3203 altera
1119 3137 1189 3201 Diti
1290 3159 1293 3166 ’
1322 3177 1327 3186 -

233 3235 363 3302 (iratior
389 3239 567 3306 infaustum
596 3236 748 3323 Solymae
776 3234 946 3301 via=ducit
972 3244 1004 3302 in
1032 3236 1156 3302 urbem.

232 3334 379 3399 Terrifici
406 3336 547 3400 adventu
574 3340 709 3400 monstri
735 3333 900 3399 radicibus
927 3339 1000 3399 imis

232 3431 416 3516 Impulsum
436 3432 601 3518 trepidare
626 3452 758 3514 nemus,
786 3437 913 3517 mugire
940 3451 1117 3511 cavernae,

233 3528 318 3593 Urbs
344 3536 504 3612 tremere,
531 3528 735 3615 avulsaeque
761 3529 836 3594 altis
864 3549 883 3592 a
908 3531 1044 3596 sedibus
1070 3546 1166 3592 arces

231 3625 399 3713 Ingentem
425 3631 562 3690 attonito
588 3627 709 3714 populo
734 3627 930 3715 portendere
956 3627 1091 3691 cladem.

233 3723 386 3788 Protinus
412 3722 451 3786 ad
478 3723 623 3808 Caiphae
651 3731 736 3788 tristi
762 3731 959 3811 gratissima·
977 3723 1109 3788 Averno

232 3821 359 3884 Limina
384 3818 487 3886 flecht
512 3826 587 3886 iter.
639 3819 751 3886 Media
775 3823 927 3886 sublimis
954 3827 985 3884 in
1011 3817 1104 3899 aula,
1219 3853 1222 3861 .

232 3916 394 3981 Leriadas
421 3923 510 3982 inter
534 3938 692 4002 proceres
713 3917 869 4006 ¹fulgebat
895 3917 1019 3981 eburno
1045 3961 1048 3966 -

232 4012 441 4106 Compositus
468 4013 553 4080 solio
569 4015 738 4100 -Gaiphas,
764 4033 955 4098 acuonsqne
976 4013 1143 4094 furorem,

232 4109 380 4200 Urgebat
406 4114 572 4184 Guarsrr
596 4119 733 4180 exitium
758 4109 1142 4199 dignumquehemobat
1205 4112 1208 4119 '
