3082 4746
125 217 240 266 ιιι-ιιι
649 171 758 262 crasa
779 207 852 264 ιιιι.

210 398 388 477 Sustinet,
414 402 447 459 et
473 387 592 483 magno
618 397 737 458 tacitus
762 399 938 459 miseratur
963 415 1086 462 amore.

211 497 362 580 increpat
388 490 555 558 Ausonius
581 489 736 556 damnosa
761 490 893 572 silentia
916 489 1019 576 judex

209 591 433 676 Hortaturque
459 589 547 677 loqui
574 590 777 674 confictaque
803 595 937 655 crimina
961 599 998 654 et
1019 611 1144 660 omnem

211 690 357 755 invidiae
383 686 501 753 molem
527 693 719 773 opportunis
744 688 903 775 frangere
929 689 1050 752 verbis.

213 786 255 851 At
280 794 388 852 certae
414 791 524 870 potius
549 791 646 852 morti
672 805 711 850 se
740 803 906 872 opponere
932 786 1146 869 CHRISTUS,

209 884 323 948 Aurea
347 904 441 970 quam
470 903 565 948 casso
592 889 708 947 conatu
731 883 870 967 perdere
896 883 997 948 rerba

210 980 333 1069 Eligit,
360 1001 597 1068 accensumque
623 987 747 1066 patrum
776 979 974 1046 inflammare
1002 980 1155 1048 furorem.

306 1174 394 1239 Eece
420 1183 528 1252 autem
554 1175 718 1240 infaustae
748 1174 890 1238 diversis
916 1173 1062 1258 partibus
1088 1177 1178 1242 urbis

208 1273 345 1339 Excitae
371 1269 594 1359 glomerantur
617 1277 648 1336 iu
676 1273 787 1336 orbem
812 1269 916 1336 miliia
941 1271 1049 1354 piebis

206 1372 250 1437 Et
276 1377 396 1437 circum
422 1370 491 1435 latii
517 1375 683 1456 praetoria
699 1368 841 1453 judicis,
869 1389 932 1432 uno
1042 1397 1044 1402 ·

208 1467 365 1555 Agmine,
392 1467 528 1532 densum
554 1468 698 1532 humeris
721 1467 842 1554 vulgus
869 1464 1065 1532 clamoribus
1089 1489 1189 1534 auras

206 1564 368 1646 Incendit,
397 1564 594 1649 fremituque
620 1570 734 1630 insano
761 1562 924 1651 praesidis
949 1583 1050 1628 aures

206 1663 420 1740 Obtundens‚
446 1667 549 1727 veteri
575 1667 687 1750 gentis
712 1660 754 1726 de
779 1680 870 1728 more
895 1679 1024 1725 reorum

205 1760 232 1824 E
257 1781 412 1842 numero,
441 1759 606 1826 scelerum
632 1760 750 1825 vindex
774 1758 892 1844 quibus
917 1762 1062 1822 imminet
1087 1779 1184 1843 urna,

205 1856 310 1923 Unum
337 1857 479 1941 aliquem
505 1857 614 1939 letho,
643 1857 759 1922 vinciis
784 1865 818 1920 et
841 1875 974 1920 carcere
999 1854 1083 1920 scivi

206 1954 360 2039 flagitat.
412 1954 602 2020 Ausonides
624 1954 711 2019 falsa
734 1974 794 2037 spe
820 1963 936 2036 captus
963 1953 1081 2034 (avaro

205 2050 251 2116 Ut
277 2047 365 2115 solet
389 2071 516 2114 oceano
542 2051 693 2130 fluitans,
719 2069 804 2133 quae
827 2055 929 2132 prima
952 2055 1075 2112 natanti
1168 2121 1171 2126 ¹

208 2143 342 2210 Auxilia
366 2151 424 2209 aut
447 2153 563 2209 aestus
590 2153 647 2210 aut
675 2165 751 2210 sors
776 2145 960 2224 advexerit,
986 2143 1073 2208 ultro

206 2241 399 2328 Naufragus
425 2245 572 2326 arripere
599 2250 635 2306 et
654 2241 771 2306 fractis
796 2261 836 2308 se
861 2240 996 2306 eredere
1022 2247 1161 2323 remisi:

205 2338 352 2419 lsacide,
379 2344 468 2403 votis
495 2333 616 2404 faciles
638 2339 841 2419 accedimus,
868 2343 989 2425 inquit,

205 2437 291 2502 Ecce
316 2441 348 2500 in
371 2443 553 2522 conspeetu
580 2435 738 2520 vultuque
763 2440 938 2520 animoque
963 2433 1128 2501 verendus

205 2533 282 2599 Stat
307 2553 405 2613 reus,
432 2537 575 2618 insignis
601 2538 742 2616 meritis,
768 2551 954 2619 sparsaque
979 2553 1039 2616 per
1066 2554 1193 2600 omnem

205 2629 368 2698 iudaeam
393 2629 481 2694 fama
504 2629 663 2711 illustris,
690 2649 785 2716 quem
808 2635 942 2695 crimine
968 2629 1054 2694 falso

206 2727 370 2792 lnsoutem
394 2726 522 2791 invidae
548 2726 660 2804 labes,
688 2746 799 2792 comes
824 2725 933 2792 addita
958 2731 1087 2814 gestis

206 2823 352 2888 Heroum
379 2828 508 2888 eximiis
532 2827 613 2898 (ceu
638 2841 739 2886 verno
765 2821 877 2886 nubila
901 2823 984 2903 soii,

206 2919 375 2986 Montibus
401 2921 552 3001 umbrae,
579 2924 648 3006 igni
672 2918 801 3001 fumus)
827 2917 999 3004 complexa
1026 2929 1164 2986 cruento
1212 2993 1218 3004 ⁸

206 3019 313 3084 Dente
338 3023 425 3104 petit
449 3017 596 3103 duroque
622 3022 711 3100 eupit
736 3016 907 3081 demittere
933 3015 1034 3084 letho.

207 3115 305 3180 Parte
332 3114 398 3179 alia
420 3115 562 3179 obscuro
587 3114 750 3178 Barrabas
778 3131 913 3178 earcere
934 3112 1067 3180 clausus
1184 3137 1189 3142 ·

206 3212 342 3277 Civibus
371 3213 532 3292 infestus,
558 3211 704 3297 pollutus
730 3216 907 3297 sanguiue,
933 3209 1018 3275 latro

206 3309 357 3386 infamis,
384 3313 512 3395 patriae
540 3319 574 3372 et
599 3314 691 3394 pacis
717 3313 896 3374 eommunis
924 3307 1081 3391 tir-yonis,

206 3406 366 3492 Expectat
394 3412 528 3470 meritas
553 3405 648 3473 ferali
676 3427 697 3469 a
721 3412 836 3490 stipite
861 3425 996 3489 poenas.

207 3503 274 3568 Vos
300 3523 401 3590 ergo,
430 3523 514 3587 quos
541 3501 710 3569 Paschaiis
735 3507 921 3568 reverentia
946 3507 1051 3583 sacri,
1159 3553 1163 3560 .

206 3600 394 3686 Niliacique
419 3600 532 3680 ducis,
559 3599 650 3664 eaelo
679 3609 863 3687 pugnante,
890 3603 1056 3684 tyrannis,

205 3697 266 3779 [Ut
289 3698 483 3780 memorant)
510 3716 653 3762 excussa
674 3703 802 3780 patrum
828 3696 1027 3779 cervicibus,
1054 3705 1151 3784 urget
1252 3725 1257 3728 ·

204 3794 366 3859 Eximium
391 3792 498 3862 divum
525 3815 641 3859 munus
667 3813 826 3858 renovare
850 3792 959 3860 soluto

204 3890 297 3955 Haec
322 3891 383 3954 sub
408 3891 495 3958 festa
520 3910 598 3976 reo,
625 3911 685 3979 per
712 3911 763 3956 me
788 3892 884 3974 iicet,
910 3897 1044 3976 auspice
1072 3890 1184 3968 caelo,

205 3986 331 4068 Dicite,
358 4008 452 4072 quem
479 3997 588 4074 superi
615 3999 649 4055 et
674 3997 806 4078 superis
831 3993 1021 4076 gratissima
1046 3985 1132 4051 scivi

204 4084 232 4148 E
262 4087 401 4172 geminis
427 4095 521 4173 optet
544 4092 667 4172 pietas,
693 4109 792 4174 quem
816 4087 931 4152 funere
957 4088 1062 4171 mergi
