3076 4744
146 209 280 261 wit-eas
696 203 806 260 LIBER
828 207 849 259 l.

182 438 187 444 -
231 389 343 456 Macte
368 395 502 457 animis:
526 389 585 459 tibi
612 397 691 456 nota
715 397 762 455 tui
785 397 945 456 nocturna
971 399 1120 481 magistri

232 487 356 553 Devia:
381 496 417 552 tu
441 487 559 554 faciles
583 487 722 571 auclitus,
749 496 784 554 et
807 496 955 573 tempora
980 496 1079 556 nosti.
1110 528 1113 537 ι
1154 515 1156 520 ’

331 680 391 745 llle
417 683 478 748 sub
505 681 598 764 haec,
624 688 716 748 vario
742 703 895 748 curarum
918 681 1068 748 turbidus
1095 693 1212 768 aestu,
1278 719 1281 728 ·

235 779 329 844 Nunc
354 785 424 844 auri
449 779 623 846 illecebras
650 785 775 865 auimo,
803 801 885 845 nunc
911 785 1055 844 criminis
1079 790 1182 846 atrurn

234 877 357 942 Infandi
385 881 569 965 ingenium,
595 897 678 942 nuuc
700 877 787 942 falsa
812 877 957 962 pericula
982 887 1105 944 versat.

230 974 274 1039 Et
298 973 393 1038 modo
419 975 565 1040 mendaci
590 995 628 1040 se
653 974 760 1039 laudis
785 981 927 1062 imagine
952 981 1077 1060 pascit,

231 1071 327 1136 Nunc
352 1071 491 1137 sceleris
517 1082 648 1137 terrore
673 1077 770 1160 riget.
820 1072 892 1136 Nec
920 1072 1030 1160 gloria
1055 1081 1194 1154 tantum,

231 1169 307 1236 Nec
331 1169 471 1236 sceleris
492 1169 596 1255 pudor
612 1175 684 1254 ipse
708 1176 832 1234 movet:
858 1178 1012 1254 quantum
1038 1177 1134 1238 auxia
1159 1190 1286 1258 poenae

232 1266 400 1350 Formido,
428 1274 464 1332 et
489 1274 558 1333 noti
584 1267 764 1332 indubitata
788 1273 933 1352 putentia
960 1267 1135 1338 CHRISTI.

231 1363 274 1428 Et
293 1361 362 1447 jam
387 1363 539 1450 supplicii
565 1372 654 1430 retro
680 1364 852 1429 formidine
878 1365 956 1429 ferri

232 1461 395 1548 Coeperat
420 1468 564 1549 evictus;
589 1468 721 1550 penitus
747 1483 820 1527 cum
845 1461 960 1547 lapsus
982 1466 1013 1523 in
1041 1467 1137 1549 ipsas

231 1557 428 1646 Gorgoneos
453 1560 553 1624 fibras
579 1565 697 1647 anguis
725 1564 843 1624 circum
870 1559 1012 1643 undique
1037 1580 1148 1625 morsu

230 1653 374 1741 Vipereo
401 1655 472 1720 duri
498 1662 629 1722 strinxit
657 1657 841 1742 penetralia
865 1657 996 1721 cordis·

231 1752 328 1817 Quod
353 1753 515 1820 simulac
541 1761 646 1820 sensit
670 1761 777 1840 pestis
804 1755 958 1839 Cocytia,
985 1773 1109 1842 segnes

229 1849 355 1933 Rumpe
383 1871 493 1917 moras
519 1858 638 1937 inquit:
665 1873 738 1917 nam
765 1860 907 1936 quaele
935 1872 1015 1917 eura
1036 1851 1199 1916 volentem

231 1945 405 2028 Solicitet,
433 1948 560 2030 quando
585 1950 669 2012 nihil
691 1949 753 2011 bac
779 1954 816 2012 in
835 1954 928 2032 parte
952 1946 1128 2012 timendum

232 2037 404 2106 Audentii‘
430 2042 560 2104 fortuna
584 2047 651 2105 tuis
675 2042 893 2126 pulcherrima
916 2050 1006 2106 votis

232 2132 384 2217 Arridet,
412 2140 609 2220 monitisque
634 2141 733 2200 meis:
761 2155 846 2220 quae
871 2136 956 2200 fidus
982 2141 1087 2200 amico

231 2229 344 2296 Aurea
369 2232 410 2296 do
436 2238 592 2297 miseram
616 2253 676 2319 per
701 2239 751 2296 tot
775 2232 962 2296 discrimina
986 2237 1085 2298 vitam

230 2327 398 2393 Hactenus
424 2333 455 2392 in
484 2327 590 2410 luctu,
617 2337 651 2393 et
675 2329 771 2397 faedo
797 2329 952 2413 squalore
976 2329 1130 2393 trahenti.

230 2425 288 2492 Me
314 2426 418 2508 duce,
445 2445 515 2510 me,
542 2427 687 2513 Caiphae
713 2434 814 2492 tectis
840 2431 1051 2515 gratissimus
1078 2424 1205 2509 hospes

229 2522 316 2588 Dum
340 2543 498 2607 praeseus
527 2525 617 2590 favet
643 2525 742 2607 bora,
768 2545 807 2588 ae
833 2523 1058 2588 irrevocabilis
1085 2530 1199 2610 urget,

230 2619 397 2685 Succede:
424 2629 459 2685 et
485 2643 617 2703 numos,
645 2643 728 2707 quos
754 2621 948 2708 prodigiosa
973 2622 1110 2705 superbi

230 2716 431 2798 Prostibuli,
457 2728 490 2782 et
516 2725 733 2804 conspirantis
759 2717 933 2782 manifesta
958 2723 1105 2805 magistri

229 2811 377 2879 Abstulit
402 2813 550 2896 ambitio,
577 2815 667 2880 felici
694 2815 828 2880 faenore
851 2813 965 2877 dulces

224 2910 265 2975 ln
291 2911 392 2976 folles
418 2932 545 2976 revoca.
596 2913 687 2977 Tuus
712 2911 884 2997 explorare
911 2911 1043 2974 latentis

230 3005 333 3072 Antra
358 3007 465 3094 laborq
489 3018 556 3074 tum
573 3008 697 3074 ¹deinde
722 3009 820 3088 mihi,
846 3008 1056 3092 Caiphaeque
1082 3002 1230 3089 relinque

231 3105 328 3170 Quod
353 3114 519 3192 superest.
570 3106 619 3171 lle
645 3108 981 3191 perfecta‘securus,
1007 3111 1041 3168 et
1066 3123 1146 3166 auro

230 3201 381 3285 Ditatus,
408 3203 516 3268 ductis
542 3223 677 3272 auerres
703 3203 830 3268 retibus
856 3221 978 3266 amnes.

230 3299 334 3388 Finge
360 3307 467 3364 tamen
493 3322 558 3364 non
584 3321 684 3384 posse
711 3305 801 3385 oapi,
827 3299 881 3363 vel
905 3299 1035 3363 vincula
1061 3303 1191 3380 captum

230 3395 394 3462 Excutere
421 3396 541 3481 injecta
563 3403 619 3476 (ut
643 3397 768 3481 lapides
790 3399 858 3482 jam
880 3415 981 3482 saepe
1007 3397 1159 3466 volantes

231 3493 423 3560 Callodeute
450 3495 575 3575 Erebo,
601 3500 804 3579 meritaeque
832 3493 979 3578 pericula
1003 3497 1119 3558 mortis

230 3589 358 3674 Elusit,
384 3591 513 3658 nebulis
537 3597 660 3669 tectus)
687 3593 746 3656 tibi
774 3599 866 3655 certa
890 3592 1064 3656 manebunt

230 3687 385 3770 Munera,
412 3697 447 3754 et
474 3694 602 3776 egregii
628 3688 822 3754 immortalis
848 3689 954 3776 gloria
980 3691 1070 3754 iacti.

221 3785 304 3851 Nec
327 3794 437 3853 metus
462 3787 548 3851 hunc
573 3786 653 3850 facti
680 3805 851 3851 memorem
877 3787 968 3852 fore:
997 3807 1135 3874 namque
1160 3789 1352 3872 benignum,

230 3882 274 3948 Et
298 3883 453 3968 precibus
478 3885 565 3950 flecti
592 3882 742 3965 facilem,
769 3888 836 3948 seis
861 3890 950 3969 ipse,
977 3889 1189 3972 magistrum:

198 3979 269 4045 -Si
293 3989 327 4046 te
349 3981 501 4048 flectendi
526 3981 647 4048 subeat
671 4001 813 4047 vaesana
838 3982 965 4066 cupido.
1182 3973 1186 3980 ’
