3076 4744
134 237 267 292 liu-M
653 247 662 262 ‘
685 231 796 288 ‘LIBER
809 235 839 288 ·1.

219 419 279 487 Nil
305 425 461 485 metuens
488 417 629 483 *Oculis
654 416 775 482 clarum
800 425 966 506 nendqne
990 419 1146 486 retundes

220 519 389 582 Attonitae
413 517 531 581 lumen.
582 514 759 582 Miraberis
783 523 859 601 ipsa
884 523 1011 603 parenti

221 615 270 680 Te
291 613 448 692 similem,
473 613 677 698 similemque
704 617 828 678 virum=
856 614 1060 702 deductaque
1089 622 1121 678 in
1148 615 1274 680 omnem
1350 617 1365 652 ⁸

224 711 416 802 Progeniem
441 711 574 795 paribus
601 717 710 775 curret
734 717 898 796 sapientia
923 714 1012 808 latis,
1239 711 1242 718 ⁴

589 855 591 864 ,
984 811 1041 862 nrt

318 905 452 970 Talibus
476 905 661 990 illecebris,
689 903 934 992 malesuadique
959 914 1031 972 arte
1057 907 1225 988 draconis,

221 1003 287 1068 Res
313 1003 440 1070 effecta.
491 1001 590 1090 Rapit
614 1010 736 1068 vetitos
761 1010 857 1092 uirgo
883 1010 983 1090 impia
1007 1003 1163 1070 foeteat·
1285 1033 1302 1042 ·=

219 1092 421 1186 Libatorque
445 1107 517 1168 viro
540 1100 688 1165 redeunti
716 1100 867 1165 obtrudit.
920 1101 966 1168 At
986 1102 1048 1170 ille

220 1196 382 1285 Gonjngis
410 1199 539 1263 insidiis
566 1204 690 1282 victus,
716 1196 825 1263 dotale
849 1219 1010 1264 venenum
1137 1249 1141 1254 .

220 1293 321 1380 Inque
347 1317 442 1360 suum
468 1316 628 1382 praeceps
655 1296 774 1380 funus,
802 1302 981 1382 stirpisque
1006 1297 1138 1362 futurae
1164 1319 1167 1326 ’

219 1391 380 1475 Exitium,
407 1398 518 1458 invitIs
545 1395 714 1458 obtrusum
737 1393 891 1460 faucibus
918 1391 1022 1458 obdit,-

220 1489 278 1554 Sic
304 1489 549 1578 Vulcanigenae
576 1491 946 1578 quandammeretrids
974 1491 1111 1556 amoena

221 1586 334 1651 Pixide
363 1587 550 1672 deceptum,
576 1589 665 1654 fama
688 1596 757 1672 est,
785 1587 982 1675 Epimethea
1006 1590 1137 1654 clausas
1190 1641 1192 1646 .
1296 1631 1299 1640 -

220 1684 324 1750 Omne
350 1702 455 1772 genus
482 1695 595 1772 pratee
620 1695 951 1769 immurmurasse,
981 1706 1163 1774 novamque

217 1783 392 1848 lnvexisse
417 1785 488 1849 orbi
514 1784 901 1870 maciemtcbriumque
928 1785 1131 1852 cohortem..
1161 1800 1168 1808 ’

219 1879 268 1945 Ex
295 1879 353 1945 illo
377 1880 496 1964 fluere,
523 1903 562 1946 ac
585 1890 684 1947 retro.
703 1883 862 1968 sublapsa
886 1883 1002 1956 referri

219 1976 305 2060 Spes
331 1979 507 2042 hominum.
556 1978 680 2041 lnfensi
710 1988 791 2042 nutu
816 1981 971 2044 revocata
995 1981 1161 2064 parentis,
1282 2011 1286 2024 ·

223 2071 268 2134 Et
293 2071 400 2133 dirum
420 2071 513 2151 justo
540 2073 652 2136 scelus
677 2082 831 2139 aversata
852 2076 985 2154 lurore,

225 2163 276 2230 Ad
301 2183 442 2250 superos
468 2165 613 2230 Astraea
637 2167 731 2230 redit.
784 2167 966 2232 Concordia
990 2187 1100 2236 rerum
1219 2214 1222 2222 ί

224 2261 391 2344 Solvitur,
419 2283 560 2326 excusso
587 2262 735 2347 conjuret
758 2262 895 2330 foedere
920 2269 953 2328 in
977 2283 1084 2328 unum.

211 2353 372 2424 ¹Naturae
397 2365 447 2424 vir
474 2366 546 2422 tcta
566 2362 750 2424 bominem:
778 2361 982 2446 Dominoque
1009 2357 1170 2426 rebellem

222 2456 382 2546 Invadunt
401 2455 526 2540 permis
553 2457 735 2542 elemento,
763 2464 953 2539 animantia,
980 2458 1068 2524 telis.
1152 2486 1164 2514 z

219 2553 311 2620 Tunc
335 2562 368 2618 et
394 2559 509 2619 semoti
536 2562 690 2619 revocata
714 2561 863 2639 potentia
888 2555 973 2620 lethi
1000 2565 1069 2621 est:

220 2649 328 2736 Atque
355 2660 542 2716 exarmatae
565 2673 631 2717 sua
654 2652 781 2735 spicula
805 2653 936 2718 reddita
959 2657 1067 2719 morti.
1185 2698 1188 2710 ·

221 2749 383 2814 Continuo
409 2747 528 2836 gladiis
557 2748 704 2816 dextram
730 2750 969 2816 flammantibus
995 2759 1122 2816 armant

222 2843 428 2925 Caelicolae,
454 2850 626 2929 sacrisque
651 2865 733 2909 reos
758 2846 919 2911 excedere
943 2847 1076 2928 lueis,1

220 2941 264 3006 Et
288 2941 423 3006 steriles
451 2951 575 3023 terras,
600 2947 707 3026 spinis
732 2943 885 3006 damnata
909 2964 1030 3008 novare

221 3037 366 3126 dugera,
393 3044 611 3125 pernicesque
638 3045 732 3104 noris
758 3039 933 3104 ardoribus
963 3061 1066 3105 annos

223 3135 394 3213 Protelare
415 3135 548 3220 jubent:
574 3135 659 3201 caeli
684 3137 862 3202 interclusa
885 3143 1037 3203 micantis

221 3233 351 3316 danna,
378 3254 619 3319 poenarumque
650 3242 785 3299 aeterna
803 3235 1012 3301 merentibus
1038 3255 1118 3300 urna

222 3329 382 3414 Imposita
408 3336 469 3396 est.
520 3331 644 3396 Premit
668 3333 859 3398 incumbens
883 3333 1027 3399 vindicta
1049 3341 1219 3418 parentum

222 3426 264 3490 Et
289 3436 385 3492 natos
411 3436 577 3512 natorum,
603 3436 637 3492 et
661 3435 716 3516 qul
740 3438 916 3497 irascentur
940 3432 981 3496 ab
1007 3433 1086 3498 illis.

223 3617 285 3684 llic
311 3639 410 3685 saevo
433 3621 596 3686 insultans
621 3629 798 3690 monstrum
821 3624 929 3690 ferale
954 3627 1110 3690 caehinno

223 3715 368 3782 Vicimus
393 3716 562 3803 exclamet,
589 3725 676 3784 victi.
727 3719 828 3804 llaec,
860 3722 942 3786 haec
968 3729 1123 3809 praeunte,
1148 3723 1275 3789 caelum

223 3813 307 3879 Post
330 3837 383 3881 mc
406 3822 479 3881 anst
507 3837 659 3905 sperare,
683 3818 809 3886 ferant:
837 3825 886 3885 slc
910 3826 977 3886 itur
1001 3821 1045 3886 ad
1069 3829 1159 3886 astra

223 3909 373 3995 Scilicet,
399 3922 433 3979 et
458 3924 605 3982 nostrum
631 3915 956 4006 conscendit'pulvis
985 3918 1166 4004 Olympum.
1260 3958 1263 3968 ι

224 4103 299 4169 Non
324 4103 400 4170 tulit
423 4113 561 4176 invisam
587 4111 728 4194 rabiem,
758 4131 966 4200 caesareque
994 4111 1078 4174 dicta
