3082 4746
628 211 871 268 cunisrmnos

203 399 392 467 Caelicolae
415 403 623 482 minitentur,
651 403 757 464 amico
786 397 930 462 Caesare
955 407 1018 460 non
1046 403 1099 460 est

203 497 358 564 Scilicet!
383 503 496 564 iratae
513 496 650 563 Nemesi
677 517 754 581 pes,
781 495 901 560 fulmen
928 493 1079 578 Olympo.

300 690 442 778 Jamque
467 690 673 757 sacerdotum
696 689 936 774 Furriarnmque
960 686 1087 752 artibus
1109 695 1207 754 actus

193 789 239 854 -ln
264 789 390 854 rabiem
414 789 572 873 populus,
597 788 718 852 studiis
742 787 898 852 coemere
925 790 1047 850 vietum

201 885 396 952 Romuliden
424 905 580 968 cernens,
607 885 778 971 solumque
801 884 934 950 obstare
961 881 1135 967 pudorem,

202 983 297 1048 Hunc
321 987 418 1048 etiam
444 982 524 1069 tingi
548 983 684 1048 eredens
703 987 853 1070 cogique
879 979 1043 1046 volentem
1161 1035 1167 1042 .

203 1069 427 1164 Velle,'snae
449 1079 568 1144 melius
593 1103 658 1166 quo
684 1078 801 1145 famae.
816 1080 878 1144 lrac
902 1077 1051 1164 consulat
1079 1086 1171 1157 arte,

201 1177 273 1244 Uno
301 1197 358 1242 ore
385 1177 558 1242 exclamat:
586 1199 688 1244 vauca
714 1198 778 1265 age
801 1182 896 1242 mitte
922 1177 1074 1241 timores!
1166 1229 1167 1232 ,
1218 1205 1221 1212 ⁴

201 1275 237 1341 ln
263 1295 323 1339 uos
349 1279 446 1359 inque
473 1295 599 1341 omnem
625 1281 759 1359 stirpem
786 1280 966 1361 stirpisque
992 1272 1124 1338 futurae

202 1371 302 1458 Spem
328 1371 468 1438 sceleris
496 1378 542 1452 (si
566 1374 656 1458 quod
680 1373 791 1439 scelus
820 1373 892 1456 hic)
920 1371 1063 1438 vindicta
1094 1380 1254 1437 recurrat.-

202 1469 359 1534 llcrribili
386 1469 527 1536 clamore
553 1475 655 1536 virum
681 1476 768 1535 vasti
794 1469 941 1536 aetheris
967 1467 1059 1534 orbis

201 1567 388 1654 Intremuit3
411 1569 550 1653 pavidae
577 1568 672 1634 coelo
698 1568 848 1634 cecidere
872 1565 1037 1632 volucres.

202 1664 365 1752 ingemuit
387 1685 497 1731 rerum
522 1673 638 1732 natura
663 1672 838 1753 excitaque
864 1664 966 1730 tellus

201 1761 277 1828 Jam
303 1770 370 1828 tum
395 1761 514 1828 laxatis
539 1762 670 1830 tremuli
696 1765 909 1850 compagibus
935 1761 1026 1827 orbis

203 1857 349 1926 Ardebat
373 1867 490 1939 meritc
516 1866 612 1927 vivos
638 1867 766 1946 operire
793 1858 959 1946 sepulcro.

302 2053 332 2118 0
358 2054 488 2122 scelus!
514 2057 666 2124 odires!
694 2080 714 2121 o
739 2062 838 2142 impia
861 2056 955 2123 vcta!
982 2063 1137 2140 parentes
1182 2086 1185 2094 =

204 2150 390 2217 onimium
416 2156 556 2220 saevos!
583 2155 691 2222 corda,
706 2156 823 2222 effera!
847 2155 950 2220 verba
976 2151 1031 2220 vel
1056 2157 1142 2239 ipsis

203 2250 425 2334 Detestanda,
453 2273 515 2318 suo
541 2273 623 2338 quas
648 2253 759 2337 proles
786 2259 901 2318 enecat
926 2257 1021 2333 ortu,

202 2345 342 2412 Viscera
366 2348 527 2413 luctarum
547 2349 700 2435 gaudens
725 2368 938 2436 perrumpere
961 2355 1120 2430 matrum,

204 2443 436 2529 Nascendique
453 2451 547 2510 ‘viam
572 2445 670 2510 ferali
693 2446 837 2530 paudere
861 2454 984 2510 'morsm
1094 2485 1097 2490 ·
1220 2491 1235 2504 -.
1302 2489 1307 2504 .

202 2541 277 2606 Heu
303 2541 388 2606 cadit
413 2547 443 2605 in
474 2563 666 2629 quemquam
692 2543 801 2610 rabies
826 2552 891 2608 tam
918 2562 1018 2608 caeca
1044 2541 1221 2624 nocendi,-

203 2638 246 2704 Ut
271 2637 337 2703 sibi
363 2645 535 2725 utrumque
561 2643 674 2706 amens
701 2641 870 2710 oculorum
895 2642 1005 2708 lumen
1030 2649 1065 2706 et
1088 2645 1196 2724 ipsum
1244 2645 1246 2649 ’

203 2735 301 2801 Lucis
329 2756 485 2802 amoenae
510 2759 605 2804 usum
631 2746 665 2805 et
684 2740 860 2824 jucundae
877 2759 1011 2823 munera
1035 2743 1122 2802 vitae

203 2831 358 2918 Auferat,
386 2839 510 2902 inuisos
535 2837 648 2904 eadem
671 2846 708 2904 ut
735 2838 865 2904 fortuna
889 2838 1076 2921 sequatur?
1175 2865 1178 2874 ’

203 2929 298 2994 llaec
323 2940 429 2998 tamen
457 2935 761 3002 insanolsacidum
788 2935 908 3002 collata
932 2934 1035 2999 furori

202 3027 314 3095 Ludus
342 3037 416 3097 erit.
469 3031 602 3100 Patrum
628 3039 717 3099 votis
743 3039 845 3117 stirps
871 3035 976 3096 omnis
1002 3035 1033 3096 iu
1060 3051 1162 3096 unum

203 3127 384 3195 Damnatur
410 3129 550 3196 collecta
575 3132 688 3216 nefas3
713 3151 837 3216 perque
864 3134 973 3194 omnia
999 3135 1106 3193 retro
1132 3131 1143 3166 ·'

203 3223 360 3312 Saecula,
386 3233 418 3292 in
445 3229 589 3294 astriferi
615 3249 770 3312 suprema
796 3224 1115 3308 voluminamundl,

202 3322 238 3386 ln
264 3331 359 3390 natos
385 3327 525 3390 trahitur
550 3325 689 3390 sceleris
714 3324 858 3388 vindicta
882 3329 1030 3408 paterni,

205 3421 290 3486 auid
318 3429 391 3504 tua,
419 3421 493 3507 quid
519 3428 636 3487 meruit
658 3443 745 3510 gens
770 3421 864 3488 coelo
890 3425 997 3488 invisa
1021 3421 1159 3505 soloque
1204 3477 1207 3486 ,

205 3519 388 3608 Progenies
415 3519 617 3604 miseranda,
642 3529 679 3585 ut
705 3524 838 3584 crimine
867 3540 984 3604 pressa
1013 3523 1185 3606 parentum

204 3615 246 3680 Et
271 3615 423 3680 damnata
448 3621 540 3700 prius
565 3639 662 3703 quam
677 3626 781 3702 vurta,
808 3618 869 3683 sub
895 3618 1032 3684 aethera
1058 3623 1152 3704 partu

203 3713 350 3777 Funesto
378 3715 503 3779 veniat!
530 3737 588 3780 cur
614 3717 795 3783 immortale
818 3716 970 3801 rependis

204 3807 278 3874 lleu
302 3810 442 3877 noudum
467 3818 589 3900 genitis
615 3813 756 3899 lethum,
782 3815 924 3902 fugitiva
949 3817 1137 3898 priusquam

204 3905 341 3996 lacerti,
368 3915 505 3998 ingrati,
532 3912 622 3996 duri,
650 3912 848 3980 miserabilis
874 3916 946 3976 aevi

205 4003 345 4074 Munera
369 4007 553 4097 vitalesque
578 4017 688 4096 aperis
717 4008 938 4076 nascentibus
955 4006 1069 4074 auras!
