3082 4746
132 249 267 302 uacauit
665 233 774 294 LIDDR
800 241 848 296 tit.

318 425 397 492 Mos
423 433 494 491 erat
515 425 673 491 Ausoniis
700 431 787 504 (aevi
811 427 991 514 longinqua
1007 427 1177 493 'uetustas
1302 423 1306 428 ’

221 525 419 593 Reddiderat
445 524 591 606 sacrum)
616 545 687 589 cum
713 523 1052 590 decretoria'iaodem

221 625 479 709 Supremumque
504 621 619 686 datura
645 643 771 686 manum
797 625 960 685 sententia
985 637 1122 701 causae,

222 723 287 788 Pro
313 725 433 786 rostris
459 727 572 798 aciae,
598 724 957 804 instarct‚·patresqne
979 719 1091 804 rogati

223 821 378 886 Patribus
405 817 527 883 auditis
553 817 715 902 suffragia
738 817 864 900 scripte
889 814 1054 894 tuiissent,

220 917 263 983 Ut
288 937 368 982 sese
396 935 437 980 ex
463 914 569 979 ocuiis
591 911 693 997 judex
717 912 933 993 subduceret,
959 917 1046 976 intra

219 1013 361 1080 Obducti
389 1012 535 1077 latebras
560 1012 624 1075 veii
649 1016 835 1095 tacitusque
861 1009 1049 1095 sedensque

219 1110 337 1177 Omnia
361 1108 499 1176 libraret
524 1115 651 1173 maturo
677 1113 842 1189 examine,
869 1107 995 1172 demum

218 1211 340 1275 Tristis
365 1215 400 1272 et
424 1206 623 1272 diaerimons
648 1209 798 1289 miseris,
823 1203 926 1270 fatale
950 1211 1106 1270 cruentae

218 1308 395 1372 Decretum
422 1308 536 1369 mortis
560 1303 682 1370 tabulis
706 1302 885 1386 incideret,
903 1302 979 1366 ‘alto

219 1403 359 1469 incisum
385 1423 505 1486 praeco
531 1398 663 1488 populis
680 1401 833 1466 clamore
859 1400 1011 1465 referret.

220 1501 291 1567 Hoc
318 1499 445 1564 tandem
470 1499 510 1563 de
537 1518 643 1581 more,
668 1497 732 1563 levi
759 1503 998 1564 inconstantior
1023 1515 1116 1576 arura,

219 1597 377 1662 Mobiiior
402 1595 542 1662 tremula
565 1595 693 1661 Piiatus
720 1595 898 1678 arundine,
925 1592 1042 1660 iisdem

219 1694 286 1760 Orc
312 1715 489 1781 marruque,
515 1693 635 1780 quibus
661 1698 762 1759 toties
788 1699 931 1758 testatus
958 1691 999 1754 ab
1025 1695 1111 1754 omni

219 1793 395 1858 immunem
420 1791 535 1878 culpa,
561 1792 637 1856 bcu⁴
652 1791 799 1858 facinus!
826 1790 955 1855 latrone
980 1786 1096 1852 solato

220 1889 311 1955 ilaec
335 1895 367 1956 iu
395 1891 494 1956 verba
519 1887 621 1974 juber
638 1889 751 1978 suffigi
772 1893 892 1974 ‘stipite
918 1886 1149 1964 CHRIST'UMq

316 2079 484 2145 Isoofflum
507 2101 617 2164 repam
638 2085 849 2147 tcmaontem
867 2076 950 2164 juro
972 2097 1141 2143 semorum

222 2177 470 2262 Thessalicosque
495 2179 621 2243 animos
648 2181 831 2243 turbantem
855 2175 1016 2257 carmine,
1041 2174 1172 2244 JesuM

99 2271 102 2276 ’
217 2273 447 2358 Nazarenum,
473 2277 559 2340 irater
581 2278 725 2360 pemiuos
747 2274 887 2358 pendere
913 2275 1056 2338 lebbaeo

218 2370 342 2462 desumi
366 2371 505 2438 medium
531 2381 646 2438 murteo
672 2375 789 2457 piacet.
841 2371 908 2453 lte,
931 2369 1121 2462 frequentes

219 2467 385 2551 Lictores,
411 2471 602 2556 miserisque
625 2491 737 2536 mesces
759 2473 928 2556 clavosque
949 2469 1090 2551 parate!

317 2662 472 2728 Protinus
498 2663 673 2728 infaustam
702 2663 798 2728 velox
825 2684 864 2728 sc
889 2664 976 2728 fama
1000 2683 1060 2746 per
1084 2660 1201 2726 urbem

220 2757 342 2824 Dividit
369 2767 404 2822 et
430 2764 533 2824 variis
559 2765 686 2824 animos
711 2761 897 2824 rumoribus
923 2758 1055 2843 implet,

219 2857 355 2921 Discors
382 2860 456 2938 ipsa
479 2855 553 2920 ribi.
604 2855 753 2940 Namque
780 2855 835 2918 iric
866 2854 1054 2941 ingentibus
1080 2859 1167 2918 actis

220 2953 404 3039 insignem,
431 2958 574 3037 antiquis
598 2958 821 3038 praestantem
847 2950 1024 3032 heroibus,
1049 2955 1133 3013 atris

220 3051 482 3114 Circumventum
509 3049 592 3114 odiis
619 3049 830 3117 DnulsTUM
857 3067 1011 3133 suprema
1036 3046 1149 3111 subire

220 3145 404 3230 Supplicia,
432 3147 516 3211 baec
541 3151 668 3212 meritis
694 3151 842 3232 ingratos
868 3151 1012 3228 praemia
1030 3149 1127 3230 ucivcs

220 3242 370 3308 Reddere
390 3252 524 3308 'maesta
549 3245 662 3310 refert.
715 3241 799 3306 alus
825 3243 1032 3326 inpartibus
1058 3241 1195 3305 bostem
1261 3315 1264 3322 Ι
1306 3245 1310 3255 '

220 3341 373 3405 Numinis
399 3348 434 3403 et
457 3347 588 3426 patriae
614 3339 776 3405 scelerum
798 3339 866 3424 jam
891 3338 1024 3405 solvere
1054 3338 1173 3426 dignas
1246 3384 1249 3397 .

220 3437 381 3502 Mentitur
405 3442 519 3501 merito
546 3438 728 3503 damnatum
755 3436 870 3502 funere
896 3456 1029 3522 poenas.

220 3535 369 3621 Undique
397 3534 523 3599 visendi
550 3534 661 3600 studio
687 3533 870 3620 glomerare
889 3535 1090 3619 trequentes

219 3632 348 3697 Matres
372 3639 470 3716 atque
499 3638 579 3717 viriq
606 3636 712 3696 sacris
742 3650 804 3693 non
831 3635 961 3695 victima
986 3631 1124 3696 flammis

197 3729 418 3815 -lmponenda
445 3729 637 3795 sacerdotes
663 3727 842 3812 templique
868 3732 1036 3794 ministros

220 3823 373 3909 Impedit,
396 3834 560 3913 exanguis
584 3826 722 3892 senibus
748 3845 811 3889 nou
838 3824 965 3890 obstitit
990 3831 1101 3904 aetas,
1150 3871 1154 3888 ‚

220 3921 476 4009 virginibusque
502 3924 624 4009 pudor,
651 3921 759 3988 viduis
786 3921 929 3987 lamenta
953 3927 1096 3988 virorum

221 4017 340 4084 Debita
363 4019 533 4086 faoertbus
559 4021 646 4088 fama
670 4019 807 4086 obstulit
832 4019 904 4103 illa,
931 4035 1100 4103 novosque
