3060 4752
657 243 900 300 cumrsrlnuos

235 433 376 498 Crimina
402 431 564 519 supplicio
590 434 687 498 finem
711 433 899 520 indignante
925 437 1069 500 coercet.

201 531 392 597 flncensao
416 530 556 596 flammis
582 538 710 596 animae
739 531 942 610 (miserabile
969 532 1076 616 dictu]

235 629 413 712 Praecipiti
440 628 567 716 gelidas
593 630 687 714 lapsu
713 629 888 694 volvuntur
911 626 945 696 in
969 629 1084 696 undas.

235 727 307 792 Heu
334 726 475 792 frustra!
503 746 610 812 neque
637 733 722 791 enirn
749 733 895 812 requiem
921 728 1164 796 immiserabilis
1191 725 1288 792 ullam

235 823 328 890 Unda
356 827 460 908 parit,
487 846 547 889 nec
573 829 666 890 saevi
692 825 840 890 ardorem
865 831 993 914 mitigat
1017 832 1115 914 iguis.
1206 833 1225 856 ·'
1273 849 1279 865 ³

236 923 301 990 Sed
328 922 437 986 subito
463 929 616 986 concreta
643 921 722 1010 gelu
748 924 940 1006 praecordia
966 929 1135 1013 stringens

236 1021 378 1086 Saenius
402 1026 571 1084 excruciat
596 1023 734 1084 miseros
759 1021 947 1106 infestaque
973 1029 1086 1110 cogit

235 1121 365 1186 Rursus
392 1115 569 1183 Avernalis
597 1127 727 1182 tentare
753 1118 904 1183 incendia
929 1120 1088 1186 flammae.

237 1220 265 1283 0
292 1215 449 1302 glaciem!
477 1238 495 1279 o
522 1217 635 1302 ignes!
667 1237 686 1277 o
712 1215 917 1286 formidabile
943 1223 1080 1305 regnum

236 1314 359 1381 Mortis
385 1311 590 1397 inexpletae!
618 1335 637 1376 o
663 1301 1033 1380 flammis'dircordibus
1063 1316 1177 1380 undana
1273 1353 1277 1370 ·
1318 1340 1327 1364 ··

237 1410 438 1477 Concordem
463 1417 495 1474 in
522 1411 663 1496 poenas!
689 1413 776 1476 tetro
802 1413 877 1499 quid
905 1411 1027 1479 olentia
1052 1423 1171 1504 stagna

237 1507 421 1596 sulphure,
447 1509 522 1595 quid
549 1508 662 1594 liquidi
689 1516 845 1590 torrentia
869 1511 1003 1576 tinminn
1029 1513 1115 1576 icari
1144 1531 1146 1538 ⁴

236 1607 303 1672 Aut
327 1605 460 1690 rapidos
487 1614 575 1672 aeris
597 1612 686 1671 rivos
713 1617 770 1672 aut
794 1607 897 1673 fellea
924 1609 1031 1674 dicanr'
1159 1652 1163 1664 ·

237 1703 387 1770 Pocula?
413 1710 508 1791 queis
532 1704 678 1770 Lernaea
704 1704 799 1788 palus
826 1714 860 1770 ct
883 1715 960 1770 noto
986 1713 1136 1781 novercis

238 1801 389 1868 Gramina
414 1803 624 1889 Nessaeique
654 1801 738 1866 haud
764 1811 868 1868 certet
894 1804 1021 1869 flamma
1048 1813 1176 1871 veneni.

217 1899 405 1986 'llyppoliti
432 1919 549 1964 currus
576 1906 610 1964 et
636 1900 732 1964 Bessi
758 1906 894 1965 saevior
920 1901 1019 1966 arbor

238 1999 482 2082 Persarumque
509 1996 660 2082 Scaphae
686 2007 908 2083 nocturnaque
934 1999 1032 2064 taeda
1058 2000 1225 2084 Neronis,
1308 2033 1312 2041 ·

240 2094 534 2182 Sisyphiuslabor
559 2100 730 2180 insanique
755 2093 878 2160 Ixionis
904 2097 1015 2181 orbis,

239 2191 448 2260 Foecundum
472 2193 548 2257 Titii
572 2193 670 2277 jecur
695 2199 727 2258 in
756 2211 842 2258 nova
870 2194 990 2278 pabula
1016 2213 1189 2276 erasurum

240 2291 391 2356 Tantaiei
416 2289 530 2354 latices
556 2289 740 2376 suadaeque
763 2293 939 2374 rapacibus
964 2298 1060 2358 uncis
1128 2297 1131 2306 '

240 2387 422 2474 Harpyiae,
448 2386 585 2450 Inarime
609 2389 747 2452 fumanti
773 2392 915 2472 imposta
940 2390 1104 2474 typhoeo,
1145 2431 1149 2441 =

240 2485 313 2550 Heu
339 2482 421 2549 nihil
447 2483 486 2547 ad
513 2503 636 2566 poenas
665 2484 782 2568 Erebi,
809 2505 891 2570 quas
917 2485 1071 2552 tristibus
1096 2495 1201 2556 antris

240 2583 392 2647 Damnati
419 2580 619 2665 expendunt!
645 2589 752 2645 vatum
779 2582 947 2648 mendacia
971 2589 1074 2649 vincit

241 2679 367 2764 Oreus,
392 2688 426 2744 et
453 2678 534 2744 haul
561 2693 640 2744 vero
666 2685 773 2746 miuus
799 2690 869 2762 est,
896 2683 1112 2769 quodcunque
1137 2684 1266 2750 videtur

240 2778 440 2844 Excessisse
465 2775 571 2842 iidem.
623 2777 786 2844 Crescunt
810 2783 842 2842 in
869 2781 1005 2846 saccula
1029 2799 1173 2865 poenae,

243 2877 373 2960 Perque
401 2895 514 2941 ornnes
538 2883 689 2960 serpunt,
716 2874 803 2940 facto
830 2875 920 2942 velut
945 2883 1096 2966 agmine,
1122 2883 1223 2944 vires.
1326 2912 1329 2916 ·

241 2973 424 3040 Terribiles
450 2979 523 3038 risu
550 2973 692 3056 formae‚
721 2972 879 3037 deformia
906 2973 1029 3040 Averni

240 3072 395 3137 Monstra
419 3070 624 3135 reluctantes
648 3073 765 3133 insano
791 3071 929 3136 horrore
955 3073 1108 3158 fatigant.

241 3169 314 3235 Nec
340 3173 471 3233 miseris
496 3167 549 3231 ias
576 3174 645 3248 est,
672 3165 786 3231 oculos
814 3166 991 3233 deflectere
1018 3175 1052 3234 et
1078 3177 1169 3234 atras
1210 3176 1212 3182 '

242 3266 382 3353 Effigies
408 3263 620 3330 insultantunr
647 3262 888 3349 simulacraque
914 3271 1003 3330 tetra

242 3362 472 3449 Anguigeuum
497 3364 648 3450 effugere
675 3370 732 3425 aut
757 3359 837 3426 diris
863 3361 1043 3428 ululatibus
1068 3383 1167 3440 aures
1256 3392 1259 3401 ·

243 3458 438 3522 obstruere.
489 3459 617 3524 interea
640 3457 885 3547 graveolentem
912 3460 1050 3526 effundit
1076 3461 1208 3530 odorem

243 3553 430 3638 Sulphureo
457 3553 537 3640 Styx
564 3563 642 3644 igne
668 3556 812 3644 flagrans
838 3553 962 3643 tulique
987 3556 1130 3642 Mephiti

242 3653 341 3718 Ponit
365 3650 586 3736 odorisequae
611 3653 810 3720 stultissima
834 3655 955 3740 gaudia
979 3662 1089 3737 naris,

245 3749 384 3817 ssualern
410 3767 470 3813 neo
492 3749 655 3816 stabulum
682 3750 830 3838 Augtae,
849 3759 906 3816 vuer
932 3750 1020 3816 mille
1046 3752 1200 3822 laborans

244 3845 453 3914 stercoribus
473 3845 711 3931 jumentorum,
738 3865 799 3912 nac
824 3867 962 3932 corpora
986 3854 1116 3933 spirant

243 3945 379 4012 Lumine
405 3966 518 4028 cassa,
544 3942 625 4010 licet
649 3943 774 4008 tumulo
798 3944 951 4010 fraudata
975 3967 1128 4033 supremo
1240 3977 1242 3984 ·

244 4043 411 4124 Membra,
437 4043 498 4110 sub
525 4047 652 4107 aestivo
673 4041 793 4126 jubeat
817 4051 1011 4126 putrescere
1035 4044 1110 4110 sole

244 4139 359 4207 Victor
384 4149 418 4207 et
443 4149 608 4209 extremos
636 4137 779 4206 crudelia
805 4139 951 4231 deneget
975 4147 1085 4230 ignes.
