3060 4752
650 239 893 296 cuuisrmnus

226 427 292 494 Aut
320 447 444 511 poenas
471 427 627 492 furiarum
655 447 768 492 omues
794 441 963 493 numerere
989 445 1149 512 reosque,
1257 435 1260 442 ’

226 524 320 591 Quos
348 523 557 590 Acheronteo
585 525 719 608 clausos
743 531 783 590 in'
803 546 955 609 earcere,
985 529 1090 590 victor

227 623 409 690 Coclitibus
435 632 585 708 spectare
611 623 716 709 dedit3
742 644 806 709 quo
834 623 942 688 dulcia
967 620 1052 687 lucis

226 721 367 787 Munera
391 722 560 802 sidereae,
587 721 667 786 diris
695 720 838 786 crudelis
865 719 987 785 Averni

229 818 408 905 Suppliciis
437 818 572 901 collata,
599 838 684 882 nora
708 817 879 882 dulcedine
905 826 1031 882 mentes
1157 857 1161 867 ·

229 916 443 1004 Spectantum
467 917 667 993 imbuerent,
694 914 794 979 veluti
822 922 990 1002 geminata
1016 914 1168 999 voluptas

229 1015 356 1079 Littore
377 1013 443 1098 jam
470 1020 543 1076 tuto
569 1017 697 1097 positos
722 1013 904 1096 perfundit,
932 1020 964 1078 in
991 1012 1058 1078 alta

230 1110 369 1178 Caerula
394 1111 468 1175 dum
495 1116 647 1196 torquent
673 1110 788 1174 oculos
814 1115 1011 1196 inimicaque
1037 1115 1150 1176 saeris
1218 1158 1221 1166 a

229 1210 406 1274 Ventorum
434 1206 562 1273 insidiis
588 1207 751 1293 deprensa
776 1229 815 1273 ac
842 1208 957 1272 obruta
984 1218 1084 1294 ponto
1139 1217 1142 1224 “
1170 1249 1174 1257 1

230 1305 374 1370 Carbasa
399 1310 603 1390 prospiciunt
628 1305 930 1390 descendentesque
954 1313 1093 1370 carinas.

229 1403 304 1487 lpse
330 1412 436 1468 autem
464 1411 571 1468 victor
597 1404 721 1488 [neque
747 1409 832 1468 enim
859 1403 1011 1490 dignatur
1033 1403 1143 1484 adire,

229 1501 302 1564 Nec
329 1501 456 1579 decuit)
483 1500 582 1565 rutilo
610 1501 791 1565 coelestum
818 1523 859 1566 ex
887 1506 1017 1588 agmine
1041 1500 1148 1565 lectos

231 1599 389 1686 Aligeros
409 1599 507 1684 jubet
529 1604 654 1663 invisas
682 1608 857 1682 penetrare
885 1597 1029 1663 latebras

230 1698 487 1782 Tartareumque
513 1697 628 1761 durem
657 1705 691 1760 et
713 1697 825 1768 domiti
851 1700 1047 1761 saevissima
1072 1704 1243 1760 monstra⁴

231 1795 317 1859 Ditis
340 1794 621 1884 inextricabilibus
647 1793 792 1881 religare
819 1797 956 1860 catenis.

231 1892 368 1978 lmperio
396 1891 474 1957 lacti
502 1900 617 1976 parcnt
644 1891 836 1978 mediosque
863 1909 921 1975 per
947 1896 1045 1980 ignes

231 1989 364 2071 Securi,
392 2010 450 2077 per
476 1989 646 2074 sulphurei
672 1981 831 2053 fumantia
857 1988 995 2054 claustri

232 2087 359 2176 Stagna
386 2093 468 2152 riam
494 2087 641 2152 celerant
666 2086 951 2175 indignantemque
979 2095 1148 2172 tyranuum

232 2185 436 2272 Corripiuot,
463 2189 598 2250 mirante
624 2183 749 2268 Erebo,
777 2188 955 2268 sociosque
982 2185 1180 2263 frementem

233 2283 450 2370 Compedibus
477 2288 597 2347 circum
623 2282 817 2366 implicitos,
843 2282 1039 2346 flammantis
1063 2285 1220 2346 inimum

233 2382 456 2467 Praecipitant
481 2381 626 2444 barathri
652 2379 803 2462 fundum,
830 2400 914 2462 quos
940 2377 1134 2446 CHRISTUS
1161 2383 1280 2442 amaris

233 2477 382 2562 Increpat
407 2477 570 2542 insultans
596 2475 703 2540 dictis.
755 2477 882 2540 Tremit
906 2480 1011 2540 omnis
1038 2481 1131 2559 opaci

234 2574 384 2641 Carceris
409 2573 448 2638 ad
475 2595 588 2638 vocem
619 2572 742 2656 moles,
770 2571 928 2657 vultuque
952 2577 1069 2638 minaci

235 2673 434 2754 perstricta,
462 2675 616 2760 ignivomi
643 2679 840 2758 gemuerunt
864 2678 956 2735 antra
986 2669 1150 2758 profundi.

331 2869 400 2951 lte,
427 2875 473 2934 ite
501 2877 533 2934 et
560 2868 645 2933 coeli
672 2872 815 2952 sceptris
841 2870 982 2952 inuram,
1009 2871 1152 2952 supremi

237 2967 399 3032 Affectate
425 2967 527 3032 decus
554 2965 648 3049 solii,
675 2986 760 3051 quos
787 2971 872 3031 victa
896 2965 1030 3053 subegit

235 3065 293 3131 Me
318 3066 400 3130 duce
422 3085 506 3152 gens
529 3064 700 3129 bominum.
752 3063 826 3128 Cuo
850 3084 944 3147 nunc,
967 3084 1032 3148 quo
1054 3059 1190 3124 fulmine
1212 3058 1327 3138 adacti,

235 3164 310 3229 ssuc
336 3169 457 3227 tonitru
483 3163 579 3227 fracti
605 3160 743 3247 Stygios
770 3161 935 3225 recidistis
962 3165 993 3224 io
1022 3157 1144 3246 ignes.o

235 3261 298 3324 Eia
321 3260 479 3349 agedum,
504 3259 646 3324 tumidae
673 3257 736 3322 dux
763 3257 964 3322 formidanda
993 3264 1168 3336 catervae,

236 3358 409 3422 Terrarum
436 3357 588 3441 coelique
614 3355 707 3438 lues,
738 3360 792 3439 qni
820 3377 870 3420 me
897 3373 1028 3441 quoque
1052 3351 1184 3438 templis
1219 3379 1222 3384 ·

235 3450 398 3534 Erulum,
424 3460 560 3538 impuris
586 3473 708 3540 regnas
734 3457 894 3538 impostor
919 3458 950 3516 iu
977 3451 1063 3516 aris!

237 3551 365 3614 Rursus
391 3556 536 3615 inerma
562 3559 656 3633 tuas,
683 3571 800 3614 rursus
827 3548 989 3635 compelle
1013 3546 1214 3634 phalangas,

238 3647 275 3712 Si
301 3645 361 3708 tibi
388 3647 545 3734 regnandi
572 3647 712 3712 nondum
738 3648 911 3712 ambitiosa
937 3646 1053 3732 cupido

238 3743 377 3810 Excidit.
428 3743 476 3810 An
504 3743 657 3808 tumidum
684 3743 769 3809 coeli
796 3754 972 3831 terraeque
998 3751 1166 3828 tyrannum

239 3843 314 3908 Non
340 3840 441 3926 pudet
466 3841 577 3905 infami
603 3850 719 3905 trunco
745 3841 865 3908 debere
892 3844 1045 3925 perennis

240 3941 391 4006 Dedecus
418 3939 585 4027 opprobrii
610 3944 709 4022 atque
734 3942 798 4002 imo
825 3938 1044 4026 Phlegetontc
1070 3934 1234 4000 reclusum

240 4039 351 4126 Terga
376 4039 482 4106 darer
507 4036 650 4124 indignis
676 4033 810 4122 religari
838 4035 972 4101 brachia
996 4032 1113 4098 vinclis

242 4133 343 4201 Orbis
369 4141 400 4200 iu
423 4135 604 4205 occasum?
630 4132 691 4200 sed
717 4153 758 4198 ne
781 4132 961 4199 fortissime
981 4131 1107 4216 jactas,
