3082 4746
109 264 240 316 ill-251
569 303 577 312 .
632 257 741 313 Lissa
765 259 839 313 v111.

196 445 353 509 Dextram
377 449 502 508 armata
527 449 643 528 vocat3
670 441 731 510 sed
757 449 841 508 eninr
868 464 940 508 cum
967 447 1104 536 crimina¹
1124 445 1212 534 pelle

193 542 323 608 Nostra
348 540 467 608 luenda
491 547 568 623 tua,
595 547 671 606 tuuc
696 544 743 617 (si
768 542 821 606 fas
847 542 973 624 dicere)
999 547 1104 608 nescit

194 639 250 704 lra
273 638 419 724 modum3
444 644 557 704 tuate
582 644 689 704 saevit
711 637 855 704 crudelis
880 644 912 703 in
939 659 1037 704 unum

195 736 343 804 destitia.
394 735 505 822 Atque
531 735 604 800 ideo
630 743 763 802 teneros
783 735 959 818 lictoribus
988 743 1080 803 artus

197 834 325 920 objicis
350 831 524 916 Ausoniis,
549 839 657 918 pietas
684 853 768 919 quos
794 833 885 900 nulla
910 842 1060 918 coercet,

198 933 303 997 (lueis
329 929 419 996 nulla
441 930 600 998 effrenem
625 930 679 996 lex
703 930 814 998 addila
840 937 1002 1016 temperat
1029 936 1121 998 iram.

196 1029 268 1094 lleu
293 1033 402 1115 pietas
429 1028 593 1094 hominum
619 1029 795 1095 miserans!
821 1031 886 1096 heu
911 1047 1012 1114 parce
1037 1036 1209 1096 nocentum

196 1126 335 1194 destitia
359 1132 392 1192 in
420 1125 560 1212 poenas!
593 1146 659 1212 qua
682 1126 766 1192 coeli
791 1133 884 1211 parte
909 1125 1038 1193 latebas

196 1224 350 1312 Ingratos
375 1223 511 1313 fugiens
536 1232 660 1308 terras,
688 1245 760 1290 cum
785 1229 914 1313 virgine
941 1231 1035 1290 natus

195 1321 327 1390 dudicis
353 1320 466 1406 injusti
491 1322 629 1388 arbitrio
654 1321 784 1388 millena
808 1323 935 1388 subiret

196 1419 360 1501 Verbera,
388 1426 422 1484 et
447 1419 618 1486 exhaustis
644 1441 710 1486 ann
736 1428 784 1485 tot
806 1438 947 1507 corpore
971 1419 1103 1506 flagris,

196 1517 268 1584 Nec
292 1537 466 1605 procerum
488 1522 629 1585 immites
651 1522 767 1602 animi,
794 1538 857 1583 nec
877 1519 987 1584 ferrea
1012 1515 1082 1582 dari

196 1614 368 1680 Carnificis
399 1635 490 1680 meos
515 1616 687 1703 suppliciis
713 1619 886 1681 mitescere
913 1615 1047 1700 posset!

197 1712 349 1779 Divisere
374 1714 485 1796 nefas,
510 1712 705 1800 alternoque
734 1713 848 1778 ordine
872 1713 975 1779 fessis

197 1809 370 1904 (laedendo
394 1815 498 1876 sociis
524 1809 667 1878 subeunt
692 1809 733 1876 ad
756 1811 862 1899 flagra
888 1815 1041 1878 recentes

198 1907 298 1995 loque
323 1913 443 1990 vicem,
469 1928 553 1994 quse
579 1910 741 1974 monstra!
767 1914 884 1974 animis
912 1915 948 1973 et
972 1905 1097 1972 viribus
1123 1908 1213 1968 aucti

196 2003 239 2069 lli
264 2022 395 2070 scenam
420 2013 583 2090 repetunt.
634 2004 757 2070 Siculis
782 2014 818 2071 ut
842 2024 965 2070 saevus
991 2009 1023 2068 in
1049 2005 1153 2067 antris

198 2099 278 2164 (ium
305 2099 465 2184 Steropes
491 2100 582 2164 lassa
605 2099 755 2166 incudem
781 2105 908 2166 cervice
934 2094 1107 2183 relinquit,

198 2194 371 2262 Exhausto
396 2194 535 2262 Aeolius
560 2195 659 2262 fratri·
677 2217 870 2262 succurrere
895 2198 1039 2262 Brontes

198 2293 361 2377 Apparet,
388 2301 488 2380 atque
514 2291 561 2358 illl
588 2293 728 2360 nudatus
753 2294 898 2360 membra
924 2295 1102 2379 Pyracmon

198 2387 334 2455 Sudanti
361 2389 509 2456 succedit
534 2412 654 2473 ovans,
670 2387 755 2458 'dein
782 2397 911 2479 agmine
934 2391 1024 2458 iacto

197 2485 269 2552 Una
290 2508 402 2552 omnes
419 2488 534 2574 juncto
562 2488 684 2556 ferrum
711 2489 894 2574 producere
921 2494 1046 2554 certant

198 2583 343 2650 Consta:
370 2593 504 2652 resonat
529 2590 634 2653 tunsis
659 2587 830 2654 incudibus
853 2593 988 2654 autrum.

297 2776 464 2843 Deficiunt
487 2778 591 2844 lassis
616 2783 723 2859 vires,
750 2800 813 2844 oon
839 2779 949 2844 delicit
973 2779 1088 2856 ardor,

199 2874 301 2940 Nulla
322 2874 403 2938 licet
428 2882 497 2940 toto
523 2895 601 2960 pars
627 2893 767 2960 corpore
794 2873 939 2941 vulneris
964 2892 1101 2958 expers,

200 2974 228 3036 A
254 2993 381 3038 summa
407 2978 536 3038 cervice
563 2977 647 3038 imae
673 2971 711 3035 ad
739 2975 883 3060 vestigia
909 2971 1046 3059 plantae.

199 3070 339 3155 Jamque
363 3074 479 3136 iterum
504 3077 658 3156 repetant
681 3074 768 3135 ictus
794 3074 829 3134 et
853 3069 992 3135 verbera
1020 3067 1114 3134 nudis

201 3167 343 3232 Ossibus
364 3172 527 3234 incutiant
551 3172 743 3253 animaeque
768 3187 887 3232 arcana
909 3165 1095 3255 flagellent,

201 3265 244 3330 Ni
270 3263 396 3328 tandem
423 3271 534 3330 socios
558 3264 697 3331 lictores
720 3271 868 3349 increpet
893 3285 997 3346 unus,

202 3363 262 3427 Cui
289 3360 406 3428 nedum
430 3367 564 3446 penitus
590 3369 705 3428 cautes
731 3361 901 3446 Marpesia
922 3361 1022 3427 libras

201 3459 370 3542 Induerat,
396 3451 577 3544 strictoque
602 3465 695 3526 secet
719 3458 902 3526 retinacula
927 3458 1027 3525 ferro.

201 3555 347 3646 Virginis
373 3557 456 3621 hacc
480 3563 567 3623 inter
592 3556 744 3638 soboles,
770 3557 847 3622 licet
871 3555 1014 3643 undiquc
1039 3560 1158 3640 pictum

202 3654 373 3740 Purpureo
398 3653 553 3740 squalere
578 3655 684 3720 solum
705 3655 774 3738 jam
800 3659 959 3742 sanguine
983 3659 1113 3735 cernat,

203 3749 245 3816 Et
269 3757 390 3818 circum
414 3758 541 3837 sparsis
566 3753 705 3818 liventia
727 3771 890 3818 marmora
914 3757 1015 3817 scissi

203 3848 359 3933 Corporis
385 3855 514 3916 exuviis
539 3849 696 3934 durisque
722 3854 855 3914 incensa
878 3847 1023 3938 flagellis

203 3942 354 4011 Membra
381 3952 533 4032 impacati
554 3947 707 4015 stimulos
732 3965 795 4011 non
821 3945 910 4015 serre
937 3944 1078 4013 doloris:

202 4038 276 4105 Non
299 4050 405 4107 tamen
430 4051 462 4110 in
488 4052 652 4133 gemitus,
678 4067 741 4110 non
766 4051 799 4110 in
826 4049 970 4130 suspiria
995 4061 1108 4110 vocem

81 4163 84 4168 ·
202 4137 371 4228 infringit,
397 4139 481 4208 diam
506 4148 622 4210 victrix
646 4147 804 4227 patientia
829 4149 966 4208 mentem
