<?xml version="1.0" encoding="UTF-8"?>
<!DOCTYPE html PUBLIC "-//W3C//DTD XHTML 1.0 Transitional//EN"
    "http://www.w3.org/TR/xhtml1/DTD/xhtml1-transitional.dtd">
<html xmlns="http://www.w3.org/1999/xhtml" xml:lang="en" lang="en">
 <head>
  <title>
</title>
<meta http-equiv="Content-Type" content="text/html;charset=utf-8" />
  <meta name='ocr-system' content='tesseract 3.04.00' />
  <meta name='ocr-capabilities' content='ocr_page ocr_carea ocr_par ocr_line ocrx_word'/>
</head>
<body>
  <div class='ocr_page' id='page_1' title='image "./christiadoslibr00waltgoog_0286.png"; bbox 0 0 3060 4752; ppageno 0'>
   <div class='ocr_carea' id='block_1_1' title="bbox 143 227 1404 298">
    <p class='ocr_par' dir='ltr' id='par_1_1' title="bbox 143 227 1404 298">
     <span class='ocr_line' id='line_1_1' title="bbox 143 227 1404 298; baseline -0.016 -5"><span class='ocrx_word' id='word_1_1' title='bbox 143 239 241 293; x_wconf 80' lang='lat' dir='ltr'><strong>rn-ar</strong></span> <span class='ocrx_word' id='word_1_2' title='bbox 679 227 788 282; x_wconf 76' lang='lat' dir='ltr'><strong>omna</strong></span> <span class='ocrx_word' id='word_1_3' title='bbox 811 228 873 282; x_wconf 75' lang='lat' dir='ltr'><strong>xn.</strong></span> <span class='ocrx_word' id='word_1_4' title='bbox 1331 229 1404 298; x_wconf 57' lang='grc' dir='ltr'><em>Μ</em></span> 
     </span>
    </p>
   </div>
   <div class='ocr_carea' id='block_1_2' title="bbox 225 409 1390 1578">
    <p class='ocr_par' dir='ltr' id='par_1_2' title="bbox 229 409 1390 895">
     <span class='ocr_line' id='line_1_2' title="bbox 231 409 1390 496; baseline -0.009 -9"><span class='ocrx_word' id='word_1_5' title='bbox 231 418 338 487; x_wconf 83' lang='lat' dir='ltr'><strong>Corda</strong></span> <span class='ocrx_word' id='word_1_6' title='bbox 362 414 498 482; x_wconf 84' lang='lat' dir='ltr'><strong>trahens</strong></span> <span class='ocrx_word' id='word_1_7' title='bbox 524 414 652 480; x_wconf 81' lang='lat' dir='ltr'><strong>blandis</strong></span> <span class='ocrx_word' id='word_1_8' title='bbox 679 419 711 478; x_wconf 95' lang='lat' dir='ltr'><strong>in</strong></span> <span class='ocrx_word' id='word_1_9' title='bbox 736 414 887 480; x_wconf 82' lang='lat' dir='ltr'><strong>flammea</strong></span> <span class='ocrx_word' id='word_1_10' title='bbox 911 411 1054 476; x_wconf 87' lang='lat' dir='ltr'><strong>claustra</strong></span> <span class='ocrx_word' id='word_1_11' title='bbox 1079 419 1222 496; x_wconf 84' lang='lat' dir='ltr'><strong>catenis,</strong></span> <span class='ocrx_word' id='word_1_12' title='bbox 1251 419 1255 426; x_wconf 87' lang='grc'><strong>’</strong></span> <span class='ocrx_word' id='word_1_13' title='bbox 1388 409 1390 420; x_wconf 85' lang='grc'><strong>’</strong></span> 
     </span>
     <span class='ocr_line' id='line_1_3' title="bbox 229 509 1145 601; baseline -0.008 -19"><span class='ocrx_word' id='word_1_14' title='bbox 229 515 379 601; x_wconf 82' lang='lat' dir='ltr'><strong>Undique</strong></span> <span class='ocrx_word' id='word_1_15' title='bbox 406 511 618 595; x_wconf 86' lang='lat' dir='ltr'><strong>circumfusa,</strong></span> <span class='ocrx_word' id='word_1_16' title='bbox 648 515 736 598; x_wconf 80' lang='lat' dir='ltr'>nigri</span> <span class='ocrx_word' id='word_1_17' title='bbox 760 510 847 575; x_wconf 90' lang='lat' dir='ltr'><strong>lutus</strong></span> <span class='ocrx_word' id='word_1_18' title='bbox 868 531 968 596; x_wconf 16' lang='lat' dir='ltr'><strong>‘arnse</strong></span> <span class='ocrx_word' id='word_1_19' title='bbox 994 509 1145 576; x_wconf 88' lang='lat' dir='ltr'><strong>Barathri</strong></span> 
     </span>
     <span class='ocr_line' id='line_1_4' title="bbox 231 605 1084 696; baseline -0.009 -17"><span class='ocrx_word' id='word_1_20' title='bbox 231 614 354 679; x_wconf 78' lang='lat' dir='ltr'><strong>Circuit</strong></span> <span class='ocrx_word' id='word_1_21' title='bbox 379 609 598 696; x_wconf 78' lang='lat' dir='ltr'><strong>amplectens3</strong></span> <span class='ocrx_word' id='word_1_22' title='bbox 625 613 688 674; x_wconf 91' lang='lat' dir='ltr'><strong>nisi</strong></span> <span class='ocrx_word' id='word_1_23' title='bbox 714 631 779 695; x_wconf 90' lang='lat' dir='ltr'><strong>qua</strong></span> <span class='ocrx_word' id='word_1_24' title='bbox 802 606 969 693; x_wconf 89' lang='lat' dir='ltr'><strong>spiracula</strong></span> <span class='ocrx_word' id='word_1_25' title='bbox 994 605 1084 678; x_wconf 83' lang='lat' dir='ltr'><strong>duris</strong></span> 
     </span>
     <span class='ocr_line' id='line_1_5' title="bbox 231 703 1092 791; baseline -0.009 -15"><span class='ocrx_word' id='word_1_26' title='bbox 231 710 387 776; x_wconf 85' lang='lat' dir='ltr'><strong>Cautibus</strong></span> <span class='ocrx_word' id='word_1_27' title='bbox 412 704 598 791; x_wconf 67' lang='lat' dir='ltr'><strong>interiecta,</strong></span> <span class='ocrx_word' id='word_1_28' title='bbox 622 711 706 770; x_wconf 85' lang='lat' dir='ltr'><strong>viam</strong></span> <span class='ocrx_word' id='word_1_29' title='bbox 734 704 979 790; x_wconf 76' lang='lat' dir='ltr'><strong>erumpentibus</strong></span> <span class='ocrx_word' id='word_1_30' title='bbox 1005 703 1092 769; x_wconf 84' lang='lat' dir='ltr'><strong>Orco</strong></span> 
     </span>
     <span class='ocr_line' id='line_1_6' title="bbox 230 802 1065 895; baseline -0.008 -23"><span class='ocrx_word' id='word_1_31' title='bbox 230 807 457 895; x_wconf 83' lang='lat' dir='ltr'><strong>Augnigenum</strong></span> <span class='ocrx_word' id='word_1_32' title='bbox 484 810 601 870; x_wconf 88' lang='lat' dir='ltr'><strong>turmis</strong></span> <span class='ocrx_word' id='word_1_33' title='bbox 628 811 687 868; x_wconf 90' lang='lat' dir='ltr'><strong>aut</strong></span> <span class='ocrx_word' id='word_1_34' title='bbox 710 803 897 868; x_wconf 86' lang='lat' dir='ltr'><strong>infelicibus</strong></span> <span class='ocrx_word' id='word_1_35' title='bbox 923 802 1065 886; x_wconf 84' lang='lat' dir='ltr'><strong>umbris,</strong></span> 
     </span>
    </p>

    <p class='ocr_par' dir='ltr' id='par_1_3' title="bbox 227 898 1101 992">
     <span class='ocr_line' id='line_1_7' title="bbox 227 898 1101 992; baseline -0.008 -21"><span class='ocrx_word' id='word_1_36' title='bbox 227 905 373 992; x_wconf 80' lang='lat' dir='ltr'>Corpore</span> <span class='ocrx_word' id='word_1_37' title='bbox 399 902 579 983; x_wconf 85' lang='lat' dir='ltr'><strong>defunctis,</strong></span> <span class='ocrx_word' id='word_1_38' title='bbox 608 900 717 966; x_wconf 87' lang='lat' dir='ltr'><strong>aditus</strong></span> <span class='ocrx_word' id='word_1_39' title='bbox 745 923 784 965; x_wconf 92' lang='lat' dir='ltr'><strong>ao</strong></span> <span class='ocrx_word' id='word_1_40' title='bbox 809 901 923 967; x_wconf 90' lang='lat' dir='ltr'><strong>limina</strong></span> <span class='ocrx_word' id='word_1_41' title='bbox 948 898 1101 984; x_wconf 90' lang='lat' dir='ltr'><strong>pandunt.</strong></span> 
     </span>
    </p>

    <p class='ocr_par' dir='ltr' id='par_1_4' title="bbox 226 997 1264 1184">
     <span class='ocr_line' id='line_1_8' title="bbox 226 997 1264 1089; baseline -0.006 -21"><span class='ocrx_word' id='word_1_42' title='bbox 226 1003 252 1068; x_wconf 84' lang='lat' dir='ltr'><strong>ll</strong></span> <span class='ocrx_word' id='word_1_43' title='bbox 279 1002 396 1089; x_wconf 88' lang='lat' dir='ltr'><strong>quihus</strong></span> <span class='ocrx_word' id='word_1_44' title='bbox 424 1000 507 1065; x_wconf 86' lang='lat' dir='ltr'><strong>haec</strong></span> <span class='ocrx_word' id='word_1_45' title='bbox 532 999 664 1083; x_wconf 85' lang='lat' dir='ltr'><strong>rapidas</strong></span> <span class='ocrx_word' id='word_1_46' title='bbox 685 998 876 1083; x_wconf 90' lang='lat' dir='ltr'><strong>jaculantur</strong></span> <span class='ocrx_word' id='word_1_47' title='bbox 898 1003 930 1062; x_wconf 92' lang='lat' dir='ltr'><strong>iu</strong></span> <span class='ocrx_word' id='word_1_48' title='bbox 956 998 1094 1063; x_wconf 78' lang='lat' dir='ltr'>aethera</span> <span class='ocrx_word' id='word_1_49' title='bbox 1118 997 1264 1062; x_wconf 83' lang='lat' dir='ltr'><strong>flammas</strong></span> 
     </span>
     <span class='ocr_line' id='line_1_9' title="bbox 226 1095 1083 1184; baseline -0.006 -18"><span class='ocrx_word' id='word_1_50' title='bbox 226 1099 359 1180; x_wconf 71' lang='lat' dir='ltr'><strong>(Qualis</strong></span> <span class='ocrx_word' id='word_1_51' title='bbox 383 1096 572 1184; x_wconf 82' lang='lat' dir='ltr'><strong>sulphureis</strong></span> <span class='ocrx_word' id='word_1_52' title='bbox 599 1095 765 1161; x_wconf 86' lang='lat' dir='ltr'><strong>exundans</strong></span> <span class='ocrx_word' id='word_1_53' title='bbox 792 1095 898 1160; x_wconf 87' lang='lat' dir='ltr'><strong>Aetna</strong></span> <span class='ocrx_word' id='word_1_54' title='bbox 923 1096 1083 1177; x_wconf 85' lang='lat' dir='ltr'><strong>favillis),</strong></span> 
     </span>
    </p>

    <p class='ocr_par' dir='ltr' id='par_1_5' title="bbox 225 1191 1144 1360">
     <span class='ocr_line' id='line_1_10' title="bbox 225 1191 1144 1282; baseline -0.005 -19"><span class='ocrx_word' id='word_1_55' title='bbox 225 1196 288 1263; x_wconf 84' lang='lat' dir='ltr'><strong>Ast</strong></span> <span class='ocrx_word' id='word_1_56' title='bbox 312 1197 379 1262; x_wconf 88' lang='lat' dir='ltr'><strong>alia</strong></span> <span class='ocrx_word' id='word_1_57' title='bbox 403 1201 564 1282; x_wconf 87' lang='lat' dir='ltr'><strong>ingratam</strong></span> <span class='ocrx_word' id='word_1_58' title='bbox 590 1213 712 1278; x_wconf 89' lang='lat' dir='ltr'><strong>supera</strong></span> <span class='ocrx_word' id='word_1_59' title='bbox 737 1191 777 1258; x_wconf 88' lang='lat' dir='ltr'><strong>ad</strong></span> <span class='ocrx_word' id='word_1_60' title='bbox 798 1213 945 1258; x_wconf 83' lang='lat' dir='ltr'><strong>convexa</strong></span> <span class='ocrx_word' id='word_1_61' title='bbox 970 1192 1144 1276; x_wconf 89' lang='lat' dir='ltr'><strong>Mephitim</strong></span> 
     </span>
     <span class='ocr_line' id='line_1_11' title="bbox 225 1290 985 1360; baseline -0.005 -2"><span class='ocrx_word' id='word_1_62' title='bbox 225 1294 389 1360; x_wconf 86' lang='lat' dir='ltr'><strong>Exhalant</strong></span> <span class='ocrx_word' id='word_1_63' title='bbox 414 1291 480 1358; x_wconf 89' lang='lat' dir='ltr'><strong>late</strong></span> <span class='ocrx_word' id='word_1_64' title='bbox 506 1298 540 1356; x_wconf 91' lang='lat' dir='ltr'><strong>et</strong></span> <span class='ocrx_word' id='word_1_65' title='bbox 563 1291 685 1358; x_wconf 89' lang='lat' dir='ltr'><strong>vitales</strong></span> <span class='ocrx_word' id='word_1_66' title='bbox 710 1290 860 1356; x_wconf 82' lang='lat' dir='ltr'><strong>faucibus</strong></span> <span class='ocrx_word' id='word_1_67' title='bbox 887 1310 985 1354; x_wconf 90' lang='lat' dir='ltr'><strong>auras</strong></span> 
     </span>
    </p>

    <p class='ocr_par' dir='ltr' id='par_1_6' title="bbox 225 1385 1120 1578">
     <span class='ocr_line' id='line_1_12' title="bbox 226 1385 1061 1475; baseline -0.006 -20"><span class='ocrx_word' id='word_1_68' title='bbox 226 1392 401 1457; x_wconf 86' lang='lat' dir='ltr'><strong>Pestiferis</strong></span> <span class='ocrx_word' id='word_1_69' title='bbox 426 1389 524 1457; x_wconf 85' lang='lat' dir='ltr'><strong>foede</strong></span> <span class='ocrx_word' id='word_1_70' title='bbox 551 1389 719 1475; x_wconf 82' lang='lat' dir='ltr'><strong>inficiuut3</strong></span> <span class='ocrx_word' id='word_1_71' title='bbox 743 1398 780 1454; x_wconf 92' lang='lat' dir='ltr'><strong>ut</strong></span> <span class='ocrx_word' id='word_1_72' title='bbox 804 1393 913 1455; x_wconf 89' lang='lat' dir='ltr'><strong>tristis</strong></span> <span class='ocrx_word' id='word_1_73' title='bbox 938 1385 1061 1452; x_wconf 82' lang='lat' dir='ltr'><strong>Averni</strong></span> 
     </span>
     <span class='ocr_line' id='line_1_13' title="bbox 225 1486 1120 1578; baseline -0.01 -24"><span class='ocrx_word' id='word_1_74' title='bbox 225 1489 423 1578; x_wconf 87' lang='lat' dir='ltr'><strong>Peuuigeris</strong></span> <span class='ocrx_word' id='word_1_75' title='bbox 449 1492 554 1553; x_wconf 91' lang='lat' dir='ltr'><strong>invisa</strong></span> <span class='ocrx_word' id='word_1_76' title='bbox 575 1486 671 1571; x_wconf 88' lang='lat' dir='ltr'><strong>palus</strong></span> <span class='ocrx_word' id='word_1_77' title='bbox 697 1486 959 1574; x_wconf 85' lang='lat' dir='ltr'><strong>graveolensque</strong></span> <span class='ocrx_word' id='word_1_78' title='bbox 985 1503 1120 1569; x_wconf 81' lang='lat' dir='ltr'><strong>vorago,</strong></span> 
     </span>
    </p>
   </div>
   <div class='ocr_carea' id='block_1_3' title="bbox 222 1675 1276 4005">
    <p class='ocr_par' dir='ltr' id='par_1_7' title="bbox 222 1675 1276 3226">
     <span class='ocr_line' id='line_1_14' title="bbox 322 1675 1276 1766; baseline -0.007 -18"><span class='ocrx_word' id='word_1_79' title='bbox 322 1681 528 1749; x_wconf 80' lang='lat' dir='ltr'><strong>Vestibulum</strong></span> <span class='ocrx_word' id='word_1_80' title='bbox 549 1689 626 1746; x_wconf 85' lang='lat' dir='ltr'><strong>aute</strong></span> <span class='ocrx_word' id='word_1_81' title='bbox 647 1685 753 1766; x_wconf 88' lang='lat' dir='ltr'><strong>ipsum</strong></span> <span class='ocrx_word' id='word_1_82' title='bbox 775 1685 808 1744; x_wconf 87' lang='lat' dir='ltr'><strong>et</strong></span> <span class='ocrx_word' id='word_1_83' title='bbox 828 1683 941 1764; x_wconf 90' lang='lat' dir='ltr'><strong>primis</strong></span> <span class='ocrx_word' id='word_1_84' title='bbox 962 1683 993 1742; x_wconf 88' lang='lat' dir='ltr'><strong>in</strong></span> <span class='ocrx_word' id='word_1_85' title='bbox 1016 1676 1167 1742; x_wconf 84' lang='lat' dir='ltr'><strong>faucibus</strong></span> <span class='ocrx_word' id='word_1_86' title='bbox 1187 1675 1276 1757; x_wconf 84' lang='lat' dir='ltr'><strong>Orci,</strong></span> 
     </span>
     <span class='ocr_line' id='line_1_15' title="bbox 223 1775 1088 1863; baseline -0.007 -16"><span class='ocrx_word' id='word_1_87' title='bbox 223 1781 414 1848; x_wconf 79' lang='lat' dir='ltr'>Innumerae</span> <span class='ocrx_word' id='word_1_88' title='bbox 440 1779 604 1846; x_wconf 86' lang='lat' dir='ltr'><strong>scelernm</strong></span> <span class='ocrx_word' id='word_1_89' title='bbox 629 1777 753 1860; x_wconf 76' lang='lat' dir='ltr'><strong>facies,</strong></span> <span class='ocrx_word' id='word_1_90' title='bbox 782 1781 975 1863; x_wconf 88' lang='lat' dir='ltr'><strong>inimicaque</strong></span> <span class='ocrx_word' id='word_1_91' title='bbox 1001 1775 1088 1841; x_wconf 88' lang='lat' dir='ltr'><strong>divis</strong></span> 
     </span>
     <span class='ocr_line' id='line_1_16' title="bbox 224 1874 1048 1958; baseline -0.006 -13"><span class='ocrx_word' id='word_1_92' title='bbox 224 1877 371 1944; x_wconf 84' lang='lat' dir='ltr'><strong>Consilia</strong></span> <span class='ocrx_word' id='word_1_93' title='bbox 396 1883 431 1943; x_wconf 89' lang='lat' dir='ltr'><strong>et</strong></span> <span class='ocrx_word' id='word_1_94' title='bbox 454 1876 563 1942; x_wconf 86' lang='lat' dir='ltr'><strong>foedis</strong></span> <span class='ocrx_word' id='word_1_95' title='bbox 588 1881 712 1942; x_wconf 88' lang='lat' dir='ltr'><strong>circum</strong></span> <span class='ocrx_word' id='word_1_96' title='bbox 737 1874 908 1940; x_wconf 78' lang='lat' dir='ltr'><strong>volitantia</strong></span> <span class='ocrx_word' id='word_1_97' title='bbox 932 1879 1048 1958; x_wconf 88' lang='lat' dir='ltr'><strong>pennis</strong></span> 
     </span>
     <span class='ocr_line' id='line_1_17' title="bbox 224 1970 1098 2060; baseline -0.008 -21"><span class='ocrx_word' id='word_1_98' title='bbox 224 1975 376 2055; x_wconf 83' lang='lat' dir='ltr'><strong>Somnia,</strong></span> <span class='ocrx_word' id='word_1_99' title='bbox 401 1972 581 2060; x_wconf 78' lang='lat' dir='ltr'><strong>lascivique</strong></span> <span class='ocrx_word' id='word_1_100' title='bbox 606 1970 704 2037; x_wconf 89' lang='lat' dir='ltr'><strong>simul</strong></span> <span class='ocrx_word' id='word_1_101' title='bbox 728 1971 933 2036; x_wconf 89' lang='lat' dir='ltr'><strong>stabulantur</strong></span> <span class='ocrx_word' id='word_1_102' title='bbox 958 1990 1098 2037; x_wconf 89' lang='lat' dir='ltr'><strong>amores.</strong></span> 
     </span>
     <span class='ocr_line' id='line_1_18' title="bbox 225 2067 1213 2154; baseline -0.007 -20"><span class='ocrx_word' id='word_1_103' title='bbox 225 2070 385 2134; x_wconf 85' lang='lat' dir='ltr'><strong>Omnibus</strong></span> <span class='ocrx_word' id='word_1_104' title='bbox 411 2089 452 2132; x_wconf 83' lang='lat' dir='ltr'><strong>ex</strong></span> <span class='ocrx_word' id='word_1_105' title='bbox 477 2071 624 2134; x_wconf 90' lang='lat' dir='ltr'><strong>humeris</strong></span> <span class='ocrx_word' id='word_1_106' title='bbox 649 2069 823 2153; x_wconf 88' lang='lat' dir='ltr'><strong>pharetrae</strong></span> <span class='ocrx_word' id='word_1_107' title='bbox 851 2067 1044 2154; x_wconf 80' lang='lat' dir='ltr'><strong>Stygiisque</strong></span> <span class='ocrx_word' id='word_1_108' title='bbox 1070 2069 1213 2153; x_wconf 79' lang='lat' dir='ltr'><strong>sagittae</strong></span> 
     </span>
     <span class='ocr_line' id='line_1_19' title="bbox 225 2163 1068 2249; baseline -0.004 -17"><span class='ocrx_word' id='word_1_109' title='bbox 225 2164 380 2232; x_wconf 82' lang='lat' dir='ltr'><strong>Armatae</strong></span> <span class='ocrx_word' id='word_1_110' title='bbox 405 2163 543 2229; x_wconf 87' lang='lat' dir='ltr'><strong>flammis</strong></span> <span class='ocrx_word' id='word_1_111' title='bbox 568 2164 729 2249; x_wconf 83' lang='lat' dir='ltr'><strong>pendent,</strong></span> <span class='ocrx_word' id='word_1_112' title='bbox 756 2173 789 2228; x_wconf 92' lang='lat' dir='ltr'><strong>et</strong></span> <span class='ocrx_word' id='word_1_113' title='bbox 813 2164 946 2229; x_wconf 85' lang='lat' dir='ltr'><strong>lethifer</strong></span> <span class='ocrx_word' id='word_1_114' title='bbox 971 2185 1068 2229; x_wconf 87' lang='lat' dir='ltr'><strong>arcus</strong></span> 
     </span>
     <span class='ocr_line' id='line_1_20' title="bbox 225 2260 1124 2348; baseline -0.004 -20"><span class='ocrx_word' id='word_1_115' title='bbox 225 2261 386 2329; x_wconf 83' lang='lat' dir='ltr'><strong>Cornibus</strong></span> <span class='ocrx_word' id='word_1_116' title='bbox 412 2261 551 2326; x_wconf 85' lang='lat' dir='ltr'><strong>inflexis.</strong></span> <span class='ocrx_word' id='word_1_117' title='bbox 604 2260 721 2326; x_wconf 89' lang='lat' dir='ltr'><strong>Variae</strong></span> <span class='ocrx_word' id='word_1_118' title='bbox 748 2267 933 2348; x_wconf 80' lang='lat' dir='ltr'><strong>circumque</strong></span> <span class='ocrx_word' id='word_1_119' title='bbox 958 2279 1124 2347; x_wconf 79' lang='lat' dir='ltr'><strong>supraque</strong></span> 
     </span>
     <span class='ocr_line' id='line_1_21' title="bbox 223 2359 1238 2448; baseline -0.006 -23"><span class='ocrx_word' id='word_1_120' title='bbox 223 2359 466 2448; x_wconf 80' lang='lat' dir='ltr'><strong>Agglomerant</strong></span> <span class='ocrx_word' id='word_1_121' title='bbox 490 2367 623 2446; x_wconf 90' lang='lat' dir='ltr'><strong>pestes,</strong></span> <span class='ocrx_word' id='word_1_122' title='bbox 652 2380 857 2447; x_wconf 84' lang='lat' dir='ltr'><strong>superasque</strong></span> <span class='ocrx_word' id='word_1_123' title='bbox 883 2374 1053 2444; x_wconf 83' lang='lat' dir='ltr'><strong>erumpere</strong></span> <span class='ocrx_word' id='word_1_124' title='bbox 1082 2363 1238 2422; x_wconf 86' lang='lat' dir='ltr'><strong>inauras</strong></span> 
     </span>
     <span class='ocr_line' id='line_1_22' title="bbox 224 2456 1131 2545; baseline -0.001 -22"><span class='ocrx_word' id='word_1_125' title='bbox 224 2459 398 2524; x_wconf 80' lang='lat' dir='ltr'><strong>Terrarum</strong></span> <span class='ocrx_word' id='word_1_126' title='bbox 424 2461 529 2522; x_wconf 85' lang='lat' dir='ltr'><strong>exitio</strong></span> <span class='ocrx_word' id='word_1_127' title='bbox 553 2464 732 2543; x_wconf 83' lang='lat' dir='ltr'><strong>quaerunt3</strong></span> <span class='ocrx_word' id='word_1_128' title='bbox 762 2462 858 2545; x_wconf 85' lang='lat' dir='ltr'><strong>queis</strong></span> <span class='ocrx_word' id='word_1_129' title='bbox 885 2456 1011 2522; x_wconf 90' lang='lat' dir='ltr'><strong>vindice</strong></span> <span class='ocrx_word' id='word_1_130' title='bbox 1038 2456 1131 2522; x_wconf 84' lang='lat' dir='ltr'><strong>coelo</strong></span> 
     </span>
     <span class='ocr_line' id='line_1_23' title="bbox 223 2555 1035 2642; baseline 0 -22"><span class='ocrx_word' id='word_1_131' title='bbox 223 2555 346 2620; x_wconf 80' lang='lat' dir='ltr'><strong>Niliaci</strong></span> <span class='ocrx_word' id='word_1_132' title='bbox 372 2575 504 2639; x_wconf 85' lang='lat' dir='ltr'><strong>campos</strong></span> <span class='ocrx_word' id='word_1_133' title='bbox 529 2564 564 2620; x_wconf 88' lang='lat' dir='ltr'><strong>et</strong></span> <span class='ocrx_word' id='word_1_134' title='bbox 588 2556 753 2639; x_wconf 76' lang='lat' dir='ltr'><strong>inhospita</strong></span> <span class='ocrx_word' id='word_1_135' title='bbox 778 2576 882 2642; x_wconf 90' lang='lat' dir='ltr'><strong>regua</strong></span> <span class='ocrx_word' id='word_1_136' title='bbox 907 2561 1035 2639; x_wconf 84' lang='lat' dir='ltr'><strong>tyranni</strong></span> 
     </span>
     <span class='ocr_line' id='line_1_24' title="bbox 224 2650 1086 2736; baseline 0 -21"><span class='ocrx_word' id='word_1_137' title='bbox 224 2652 387 2718; x_wconf 85' lang='lat' dir='ltr'><strong>lnfestore</strong></span> <span class='ocrx_word' id='word_1_138' title='bbox 414 2650 541 2736; x_wconf 81' lang='lat' dir='ltr'><strong>datum3</strong></span> <span class='ocrx_word' id='word_1_139' title='bbox 566 2656 661 2736; x_wconf 87' lang='lat' dir='ltr'><strong>queis</strong></span> <span class='ocrx_word' id='word_1_140' title='bbox 686 2657 821 2719; x_wconf 86' lang='lat' dir='ltr'><strong>sacrior</strong></span> <span class='ocrx_word' id='word_1_141' title='bbox 846 2654 995 2718; x_wconf 90' lang='lat' dir='ltr'><strong>omnihus</strong></span> <span class='ocrx_word' id='word_1_142' title='bbox 1022 2673 1086 2718; x_wconf 89' lang='lat' dir='ltr'><strong>uua</strong></span> 
     </span>
     <span class='ocr_line' id='line_1_25' title="bbox 224 2745 1157 2836; baseline -0.002 -24"><span class='ocrx_word' id='word_1_143' title='bbox 224 2749 372 2836; x_wconf 83' lang='lat' dir='ltr'><strong>Inguinis</strong></span> <span class='ocrx_word' id='word_1_144' title='bbox 398 2745 535 2812; x_wconf 88' lang='lat' dir='ltr'><strong>insultat</strong></span> <span class='ocrx_word' id='word_1_145' title='bbox 561 2751 686 2832; x_wconf 85' lang='lat' dir='ltr'><strong>pestis,</strong></span> <span class='ocrx_word' id='word_1_146' title='bbox 712 2768 810 2832; x_wconf 90' lang='lat' dir='ltr'><strong>quam</strong></span> <span class='ocrx_word' id='word_1_147' title='bbox 833 2747 943 2814; x_wconf 90' lang='lat' dir='ltr'><strong>Marte</strong></span> <span class='ocrx_word' id='word_1_148' title='bbox 968 2758 1157 2814; x_wconf 88' lang='lat' dir='ltr'><strong>tumescens</strong></span> 
     </span>
     <span class='ocr_line' id='line_1_26' title="bbox 223 2843 1203 2931; baseline -0.002 -21"><span class='ocrx_word' id='word_1_149' title='bbox 223 2844 348 2912; x_wconf 85' lang='lat' dir='ltr'><strong>Effudit</strong></span> <span class='ocrx_word' id='word_1_150' title='bbox 371 2845 496 2911; x_wconf 88' lang='lat' dir='ltr'><strong>lasciva</strong></span> <span class='ocrx_word' id='word_1_151' title='bbox 521 2843 644 2909; x_wconf 90' lang='lat' dir='ltr'><strong>Venus.</strong></span> <span class='ocrx_word' id='word_1_152' title='bbox 694 2845 833 2927; x_wconf 87' lang='lat' dir='ltr'><strong>Speotra</strong></span> <span class='ocrx_word' id='word_1_153' title='bbox 859 2844 1010 2931; x_wconf 80' lang='lat' dir='ltr'><strong>horrida,</strong></span> <span class='ocrx_word' id='word_1_154' title='bbox 1036 2844 1203 2922; x_wconf 84' lang='lat' dir='ltr'><strong>flammae,</strong></span> 
     </span>
     <span class='ocr_line' id='line_1_27' title="bbox 222 2939 1124 3025; baseline -0.004 -18"><span class='ocrx_word' id='word_1_155' title='bbox 222 2943 288 3008; x_wconf 89' lang='lat' dir='ltr'><strong>Per</strong></span> <span class='ocrx_word' id='word_1_156' title='bbox 316 2952 443 3008; x_wconf 88' lang='lat' dir='ltr'><strong>noctem</strong></span> <span class='ocrx_word' id='word_1_157' title='bbox 468 2939 554 3006; x_wconf 85' lang='lat' dir='ltr'><strong>falso</strong></span> <span class='ocrx_word' id='word_1_158' title='bbox 579 2945 728 3006; x_wconf 80' lang='lat' dir='ltr'><strong>incautos</strong></span> <span class='ocrx_word' id='word_1_159' title='bbox 755 2939 929 3025; x_wconf 86' lang='lat' dir='ltr'><strong>splendore</strong></span> <span class='ocrx_word' id='word_1_160' title='bbox 955 2942 1124 3006; x_wconf 90' lang='lat' dir='ltr'><strong>trahentes</strong></span> 
     </span>
     <span class='ocr_line' id='line_1_28' title="bbox 223 3037 1191 3125; baseline -0.005 -19"><span class='ocrx_word' id='word_1_161' title='bbox 223 3039 258 3106; x_wconf 94' lang='lat' dir='ltr'><strong>ln</strong></span> <span class='ocrx_word' id='word_1_162' title='bbox 285 3041 418 3121; x_wconf 87' lang='lat' dir='ltr'><strong>brevia,</strong></span> <span class='ocrx_word' id='word_1_163' title='bbox 442 3045 474 3103; x_wconf 88' lang='lat' dir='ltr'><strong>ln</strong></span> <span class='ocrx_word' id='word_1_164' title='bbox 495 3037 633 3124; x_wconf 82' lang='lat' dir='ltr'><strong>Syrtes,</strong></span> <span class='ocrx_word' id='word_1_165' title='bbox 660 3043 691 3102; x_wconf 91' lang='lat' dir='ltr'><strong>in</strong></span> <span class='ocrx_word' id='word_1_166' title='bbox 719 3037 879 3125; x_wconf 83' lang='lat' dir='ltr'><strong>naufraga</strong></span> <span class='ocrx_word' id='word_1_167' title='bbox 901 3057 985 3106; x_wconf 86' lang='lat' dir='ltr'><strong>sexa</strong></span> <span class='ocrx_word' id='word_1_168' title='bbox 1010 3038 1191 3124; x_wconf 70' lang='lat' dir='ltr'><strong>capharei,</strong></span> 
     </span>
     <span class='ocr_line' id='line_1_29' title="bbox 222 3134 1080 3226; baseline -0.002 -25"><span class='ocrx_word' id='word_1_169' title='bbox 222 3137 378 3206; x_wconf 79' lang='lat' dir='ltr'><strong>Fatiferis</strong></span> <span class='ocrx_word' id='word_1_170' title='bbox 404 3157 529 3226; x_wconf 83' lang='lat' dir='ltr'><strong>angues</strong></span> <span class='ocrx_word' id='word_1_171' title='bbox 555 3141 681 3221; x_wconf 85' lang='lat' dir='ltr'><strong>spumis</strong></span> <span class='ocrx_word' id='word_1_172' title='bbox 706 3136 910 3221; x_wconf 89' lang='lat' dir='ltr'><strong>flammisque</strong></span> <span class='ocrx_word' id='word_1_173' title='bbox 936 3134 1080 3222; x_wconf 87' lang='lat' dir='ltr'><strong>superbi.</strong></span> 
     </span>
    </p>

    <p class='ocr_par' dir='ltr' id='par_1_8' title="bbox 223 3231 1267 3419">
     <span class='ocr_line' id='line_1_30' title="bbox 224 3231 1267 3320; baseline -0.006 -18"><span class='ocrx_word' id='word_1_174' title='bbox 224 3235 312 3302; x_wconf 83' lang='lat' dir='ltr'><strong>(laid</strong></span> <span class='ocrx_word' id='word_1_175' title='bbox 338 3253 512 3302; x_wconf 80' lang='lat' dir='ltr'><strong>memorem</strong></span> <span class='ocrx_word' id='word_1_176' title='bbox 539 3232 697 3319; x_wconf 78' lang='lat' dir='ltr'><strong>Assyriae</strong></span> <span class='ocrx_word' id='word_1_177' title='bbox 721 3253 846 3319; x_wconf 89' lang='lat' dir='ltr'><strong>pennas</strong></span> <span class='ocrx_word' id='word_1_178' title='bbox 871 3233 1060 3320; x_wconf 83' lang='lat' dir='ltr'><strong>uultumque</strong></span> <span class='ocrx_word' id='word_1_179' title='bbox 1087 3231 1267 3298; x_wconf 66' lang='lat' dir='ltr'><strong>Leaenae?</strong></span> 
     </span>
     <span class='ocr_line' id='line_1_31' title="bbox 223 3330 1057 3419; baseline -0.007 -19"><span class='ocrx_word' id='word_1_180' title='bbox 223 3335 404 3400; x_wconf 88' lang='lat' dir='ltr'><strong>Persaeive</strong></span> <span class='ocrx_word' id='word_1_181' title='bbox 430 3335 544 3419; x_wconf 88' lang='lat' dir='ltr'><strong>nigros</strong></span> <span class='ocrx_word' id='word_1_182' title='bbox 569 3330 667 3396; x_wconf 85' lang='lat' dir='ltr'><strong>villos</strong></span> <span class='ocrx_word' id='word_1_183' title='bbox 696 3340 731 3396; x_wconf 90' lang='lat' dir='ltr'><strong>et</strong></span> <span class='ocrx_word' id='word_1_184' title='bbox 754 3330 874 3396; x_wconf 89' lang='lat' dir='ltr'><strong>robora</strong></span> <span class='ocrx_word' id='word_1_185' title='bbox 900 3337 1057 3414; x_wconf 84' lang='lat' dir='ltr'><strong>monstri,</strong></span> 
     </span>
    </p>

    <p class='ocr_par' dir='ltr' id='par_1_9' title="bbox 223 3427 1068 3517">
     <span class='ocr_line' id='line_1_32' title="bbox 223 3427 1068 3517; baseline -0.006 -20"><span class='ocrx_word' id='word_1_186' title='bbox 223 3431 284 3497; x_wconf 82' lang='lat' dir='ltr'><strong>Cui</strong></span> <span class='ocrx_word' id='word_1_187' title='bbox 310 3429 494 3517; x_wconf 87' lang='lat' dir='ltr'><strong>ferruginei</strong></span> <span class='ocrx_word' id='word_1_188' title='bbox 519 3427 642 3512; x_wconf 86' lang='lat' dir='ltr'><strong>triplici</strong></span> <span class='ocrx_word' id='word_1_189' title='bbox 667 3437 760 3493; x_wconf 88' lang='lat' dir='ltr'><strong>stant</strong></span> <span class='ocrx_word' id='word_1_190' title='bbox 785 3427 897 3494; x_wconf 87' lang='lat' dir='ltr'><strong>ordine</strong></span> <span class='ocrx_word' id='word_1_191' title='bbox 923 3428 1068 3494; x_wconf 72' lang='lat' dir='ltr'><strong>dentes?</strong></span> 
     </span>
    </p>

    <p class='ocr_par' dir='ltr' id='par_1_10' title="bbox 222 3523 1164 3904">
     <span class='ocr_line' id='line_1_33' title="bbox 223 3523 1119 3613; baseline -0.006 -20"><span class='ocrx_word' id='word_1_192' title='bbox 223 3527 310 3594; x_wconf 74' lang='lat' dir='ltr'><strong>auri</strong></span> <span class='ocrx_word' id='word_1_193' title='bbox 335 3526 493 3610; x_wconf 86' lang='lat' dir='ltr'><strong>Pardum,</strong></span> <span class='ocrx_word' id='word_1_194' title='bbox 518 3530 650 3590; x_wconf 87' lang='lat' dir='ltr'><strong>invictis</strong></span> <span class='ocrx_word' id='word_1_195' title='bbox 675 3530 836 3613; x_wconf 90' lang='lat' dir='ltr'><strong>insignem</strong></span> <span class='ocrx_word' id='word_1_196' title='bbox 863 3527 1008 3608; x_wconf 82' lang='lat' dir='ltr'><strong>viribus,</strong></span> <span class='ocrx_word' id='word_1_197' title='bbox 1034 3523 1119 3590; x_wconf 89' lang='lat' dir='ltr'><strong>Urso</strong></span> 
     </span>
     <span class='ocr_line' id='line_1_34' title="bbox 223 3622 1162 3708; baseline -0.004 -16"><span class='ocrx_word' id='word_1_198' title='bbox 223 3626 388 3692; x_wconf 79' lang='lat' dir='ltr'><strong>(inanum</strong></span> <span class='ocrx_word' id='word_1_199' title='bbox 412 3622 624 3690; x_wconf 86' lang='lat' dir='ltr'><strong>insultantem</strong></span> <span class='ocrx_word' id='word_1_200' title='bbox 648 3623 710 3688; x_wconf 85' lang='lat' dir='ltr'><strong>slis</strong></span> <span class='ocrx_word' id='word_1_201' title='bbox 736 3622 937 3708; x_wconf 86' lang='lat' dir='ltr'><strong>totidemque</strong></span> <span class='ocrx_word' id='word_1_202' title='bbox 963 3622 1162 3690; x_wconf 87' lang='lat' dir='ltr'><strong>tremendum</strong></span> 
     </span>
     <span class='ocr_line' id='line_1_35' title="bbox 222 3719 1164 3801; baseline -0.001 -14"><span class='ocrx_word' id='word_1_203' title='bbox 222 3721 404 3788; x_wconf 72' lang='lat' dir='ltr'><strong>vultibus?</strong></span> <span class='ocrx_word' id='word_1_204' title='bbox 429 3728 486 3788; x_wconf 90' lang='lat' dir='ltr'><strong>aut</strong></span> <span class='ocrx_word' id='word_1_205' title='bbox 509 3720 595 3786; x_wconf 84' lang='lat' dir='ltr'><strong>Latii</strong></span> <span class='ocrx_word' id='word_1_206' title='bbox 620 3719 829 3786; x_wconf 86' lang='lat' dir='ltr'><strong>simulacrum</strong></span> <span class='ocrx_word' id='word_1_207' title='bbox 856 3725 993 3788; x_wconf 88' lang='lat' dir='ltr'><strong>immane</strong></span> <span class='ocrx_word' id='word_1_208' title='bbox 1019 3721 1164 3801; x_wconf 83' lang='lat' dir='ltr'><strong>furoris,</strong></span> 
     </span>
     <span class='ocr_line' id='line_1_36' title="bbox 223 3819 1068 3904; baseline 0 -20"><span class='ocrx_word' id='word_1_209' title='bbox 223 3819 346 3884; x_wconf 78' lang='lat' dir='ltr'><strong>Ferrea</strong></span> <span class='ocrx_word' id='word_1_210' title='bbox 368 3819 420 3885; x_wconf 85' lang='lat' dir='ltr'><strong>his</strong></span> <span class='ocrx_word' id='word_1_211' title='bbox 445 3823 546 3904; x_wconf 82' lang='lat' dir='ltr'><strong>qaino</strong></span> <span class='ocrx_word' id='word_1_212' title='bbox 569 3822 739 3884; x_wconf 72' lang='lat' dir='ltr'><strong>amentum</strong></span> <span class='ocrx_word' id='word_1_213' title='bbox 764 3825 913 3903; x_wconf 88' lang='lat' dir='ltr'><strong>tempora</strong></span> <span class='ocrx_word' id='word_1_214' title='bbox 936 3821 1068 3884; x_wconf 75' lang='lat' dir='ltr'><strong>cornu?</strong></span> 
     </span>
    </p>

    <p class='ocr_par' dir='ltr' id='par_1_11' title="bbox 224 3913 1175 4005">
     <span class='ocr_line' id='line_1_37' title="bbox 224 3913 1175 4005; baseline -0.004 -25"><span class='ocrx_word' id='word_1_215' title='bbox 224 3915 337 3999; x_wconf 71' lang='lat' dir='ltr'><strong>(luae,</strong></span> <span class='ocrx_word' id='word_1_216' title='bbox 364 3921 628 4005; x_wconf 88' lang='lat' dir='ltr'><strong>septemgemino</strong></span> <span class='ocrx_word' id='word_1_217' title='bbox 650 3914 813 3986; x_wconf 89' lang='lat' dir='ltr'><strong>scelerum</strong></span> <span class='ocrx_word' id='word_1_218' title='bbox 839 3915 961 3982; x_wconf 86' lang='lat' dir='ltr'><strong>vallata</strong></span> <span class='ocrx_word' id='word_1_219' title='bbox 986 3913 1175 4000; x_wconf 86' lang='lat' dir='ltr'><strong>Phalange‚</strong></span> 
     </span>
    </p>
   </div>
   <div class='ocr_carea' id='block_1_4' title="bbox 223 4011 1073 4082">
    <p class='ocr_par' dir='ltr' id='par_1_12' title="bbox 223 4011 1073 4082">
     <span class='ocr_line' id='line_1_38' title="bbox 223 4011 1073 4082; baseline -0.005 -2"><span class='ocrx_word' id='word_1_220' title='bbox 223 4011 376 4080; x_wconf 86' lang='lat' dir='ltr'><strong>lllonstra</strong></span> <span class='ocrx_word' id='word_1_221' title='bbox 397 4020 570 4082; x_wconf 82' lang='lat' dir='ltr'><strong>venenatis</strong></span> <span class='ocrx_word' id='word_1_222' title='bbox 595 4017 749 4082; x_wconf 82' lang='lat' dir='ltr'><strong>meretrix</strong></span> <span class='ocrx_word' id='word_1_223' title='bbox 774 4012 949 4082; x_wconf 86' lang='lat' dir='ltr'><strong>Bohilooia</strong></span> <span class='ocrx_word' id='word_1_224' title='bbox 974 4015 1073 4078; x_wconf 83' lang='lat' dir='ltr'><strong>traxit</strong></span> 
     </span>
    </p>
   </div>
   <div class='ocr_carea' id='block_1_5' title="bbox 0 0 1534 4752">
    <p class='ocr_par' dir='ltr' id='par_1_13' title="bbox 0 0 1534 4752">
     <span class='ocr_line' id='line_1_39' title="bbox 0 0 1534 4752; baseline 0 1"><span class='ocrx_word' id='word_1_225' title='bbox 0 0 1534 4752; x_wconf 95' lang='lat' dir='ltr'><strong> </strong></span> 
     </span>
    </p>
   </div>
  </div>
 </body>
</html>
