3056 4758
107 289 244 339 tos-tta
635 285 743 340 LIBER
768 285 840 341 xvi.

199 469 390 553 Vibraruut,
419 470 507 556 quali
535 470 722 556 clypeorum
748 471 825 537 luce
850 475 1002 560 superbi,

199 568 292 634 (luae
319 567 396 633 belli
422 568 597 633 simulacra
624 574 695 634 suis
722 569 877 635 distincta
902 571 1061 637 dederunt

198 667 337 754 Agmina
363 666 509 750 vexillis,
537 687 601 751 quo
626 667 775 751 disposta
801 668 914 732 ordine
940 672 980 735 ab
1009 669 1100 734 urbis

197 764 374 830 Moenibus
400 772 574 846 aeternae,
600 773 651 829 tot
677 765 876 830 circumfusa
899 787 959 852 per
985 767 1083 832 orbes

197 861 371 947 Aetheris,
398 869 585 926 innumerae
611 868 778 928 sociarunt
803 883 892 927 arma
918 863 1109 951 phalanges.

197 963 323 1045 Cuique
349 981 444 1025 suum
470 967 597 1024 turmae
623 960 723 1025 decus
749 969 784 1024 et
807 981 869 1024 sua
895 967 1005 1027 munia
1029 968 1146 1050 cuique

196 1058 331 1142 Addita,
360 1067 393 1123 et
418 1063 544 1124 aeterni
571 1058 762 1123 dulcissima
788 1075 866 1123 cura
891 1060 1044 1145 triumphi

195 1155 229 1220 ln
254 1164 387 1220 cunctas
414 1155 521 1219 divis-a
546 1161 645 1220 acies.
697 1155 738 1219 111
762 1162 876 1240 spinea
903 1165 1010 1240 serta,

195 1254 236 1318 lli
261 1253 375 1318 clavos
398 1252 545 1317 manibus
573 1261 706 1340 gestant
728 1254 795 1338 jam
824 1249 918 1317 dulce
942 1253 1112 1318 rubentes.

195 1351 385 1435 Purpureae
413 1351 496 1414 bunc
522 1357 626 1416 instar
650 1357 778 1415 tunicae
804 1349 975 1436 proferre,
1002 1359 1137 1418 nitentis

195 1449 289 1513 Hunc
310 1447 406 1533 juvat
431 1447 579 1536 effigiem
606 1447 741 1512 lascivis
768 1448 911 1535 pandere
937 1454 1055 1513 ventis.
1157 1479 1160 1488 ⁴

196 1546 257 1610 llle
284 1569 380 1612 manu
407 1567 540 1610 canuam
568 1544 750 1630 fluvialeur,
775 1545 900 1610 ludicra
918 1553 1048 1634 sceptri

195 1643 367 1728 Symbola,
395 1641 483 1708 101111
508 1663 629 1723 ovans,
652 1641 738 1707 alius
766 1647 911 1707 victricis
939 1651 968 1708 in
997 1664 1095 1707 auras

195 1741 352 1807 Producit
379 1739 498 1806 vexilla
525 1745 642 1804 crucis.
695 1740 829 1804 Caelum
859 1762 953 1805 omne
980 1740 1117 1805 tumultu

194 1837 371 1904 Exultante
397 1839 516 1902 fremit.
571 1835 763 1903 Plaudentia
787 1837 898 1902 sidera
925 1838 1020 1904 sestis

195 1935 352 2000 Certatim
380 1933 550 2024 indulgent
575 1933 710 2001 choreis
737 1955 955 2021 numerosque
981 1943 1171 2023 sequuntur.

194 2032 384 2099 Lethiferos
410 2039 508 2120 ignes
535 2043 568 2098 et
594 2055 654 2096 non
681 2037 811 2096 innoxia
837 2033 907 2097 tela
947 2027 948 2034 '

195 2129 366 2195 Asu-orum
394 2135 506 2216 superi
533 2129 689 2195 cohibent
714 2140 748 2194 et
773 2134 864 2194 crine
892 2135 1006 2194 minaci

194 2227 460 2315 sanguineisque
486 2236 597 2292 vetant
622 2227 760 2292 flammis
780 2226 902 2292 ardere
931 2235 1085 2292 cometas.

193 2326 283 2390 Tunc
310 2330 444 2409 primum
472 2325 617 2415 Erigone
641 2325 770 2390 laceros
798 2333 874 2408 post
899 2325 967 2389 fata
990 2331 1137 2410 parentis

193 2424 385 2507 Composuit
411 2429 518 2488 crines
544 2422 799 2509 squalentesque
826 2425 901 2511 igne
927 2442 1044 2487 sereno

194 2519 355 2585 Accendit
382 2519 503 2587 radios.
554 2521 647 2587 Calet
673 2519 901 2586 inclementius
928 2529 1052 2586 astrum

195 2616 342 2699 Saturni,
368 2625 488 2704 premit
514 2623 716 2705 importunos
742 2617 858 2703 Syrius
885 2625 994 2708 ignes

194 2715 269 2779 Non
293 2713 411 2779 fluctus
438 2716 606 2779 nimbosus
631 2721 720 2804 agit,
747 2737 809 2779 non
838 2716 970 2780 caerula
993 2714 1081 2779 tollit

194 2812 316 2898 Orion3
343 2812 400 2877 sed
428 2819 512 2878 enim
539 2809 681 2900 gladium
710 2811 843 2877 exitiale
871 2813 1037 2876 rubentem

194 2909 329 2994 Projicit
354 2918 388 2974 et
413 2915 524 2976 socias
551 2921 645 2974 vocat
671 2913 703 2974 in
729 2930 813 2972 nova
839 2909 958 2998 gaudia
982 2909 1140 2974 flammas.

291 3105 420 3170 lnterea
447 3106 566 3170 virides
594 3103 694 3170 silvas
721 3113 756 3169 et
780 3104 894 3169 florida
922 3125 996 3168 rura

196 3203 465 3289 Stagnantesque
492 3225 571 3268 auro
599 3202 740 3288 paradisi
765 3201 887 3266 nobilis
917 3201 1019 3279 undas

194 3299 330 3364 Exierat
356 3299 549 3364 Sanctorum
577 3305 668 3365 acies
695 3300 880 3364 laetissima
904 3299 1055 3377 Petrum,

194 3395 236 3459 Et
262 3397 362 3461 celeri
389 3401 473 3481 rapti
505 3398 590 3463 coeli
619 3402 795 3482 perinane
828 3394 938 3460 volatu

194 3493 336 3582 Pinguia
362 3493 514 3558 Oliviferi
541 3494 734 3580 despectant
761 3492 901 3558 culmina
927 3495 1054 3556 montis.

195 3589 243 3654 Ac
270 3593 384 3678 procul
410 3614 429 3656 a
454 3597 554 3656 terris
582 3591 688 3655 media
711 3597 849 3678 regione
875 3596 984 3654 sereni

196 3686 293 3754 Aeris
320 3695 469 3774 excepti,
495 3690 635 3753 Domino
663 3695 852 3769 cunctante,
879 3685 1023 3752 caducae

195 3784 342 3850 Arcanos
368 3793 451 3852 nivis
479 3792 652 3872 inspiciunt
678 3783 874 3870 pluviaeque
902 3803 1059 3854 recessus

195 3881 439 3969 Ventorumque
466 3886 579 3950 dom'os
607 3893 642 3949 et
668 3887 784 3948 mistos
811 3883 968 3971 grandine
993 3883 1141 3954 nimbos,

196 3977 382 4046 Pendentes
408 3982 563 4066 nebulas,
589 3987 737 4047 nocturni
762 3981 873 4047 dulcia
898 3985 984 4046 roris

195 4074 338 4160 Pabula,
367 4087 568 4166 sanguineas
594 4102 688 4146 omen
715 4078 838 4161 ferale,
867 4076 1048 4165 procellas,

194 4172 359 4241 Fatiferos
385 4176 507 4242 imbres
532 4176 672 4260 lapidum
699 4197 783 4263 quae
807 4178 955 4242 machina
981 4172 1163 4334 vibretqffl
