3082 4746
645 185 888 244 cunstinbos

216 369 376 458 Impedict
400 378 452 456 te,
477 373 569 440 utra!
595 393 730 458 manus,
755 381 900 456 tautum,
926 371 1028 454 alma,
1055 377 1237 456 memento,

216 470 252 536 Si
278 476 448 559 qnisquam
475 477 627 538 uomitum
651 480 817 555 occurrat,
843 470 993 557 proferre
1020 471 1189 555 Dymantis

215 569 355 634 Infausti
381 591 516 655 uomen3
542 575 652 636 socios
678 571 762 636 hnec
787 579 919 634 tessera
942 569 1064 634 flectet.
1136 619 1140 628 .

217 667 307 733 ssuid
330 676 437 733 tamon
465 661 547 734 baec
572 668 697 736 frustra
720 687 854 744 moneo,
879 666 1069 732 discrimina
1091 666 1221 752 quando

217 765 343 830 Cuncta
368 772 444 830 tuus
468 772 594 848 vincet,
620 769 674 850 qni
701 783 755 830 ure
779 765 843 830 sibi
867 765 1012 830 subdidit
1038 765 1172 831 infans?

216 864 267 927 Tu
293 883 424 949 quoque
452 868 507 948 qui
536 864 657 928 charae
681 861 766 928 ludis
791 868 963 950 genitricis
989 868 1021 927 in
1047 863 1134 928 uluis

216 961 259 1026 Et
283 965 406 1026 teneris
432 981 569 1046 puerum
592 959 747 1027 membris
773 960 1035 1045 vultuque,.sed
1060 959 1128 1026 alta

1262 189 1409 240 ὖῑΙ-ΜΒ

217 1058 396 1144 blojertate
419 1056 527 1122 Deum
553 1057 721 1146 praefers,
740 1062 901 1123 miserere
927 1059 1119 1144 Dymantis,
1200 1063 1204 1074 ’
1270 1099 1275 1109 -

218 1157 260 1222 Et
287 1157 415 1242 quaudo
441 1165 591 1222 veterum
618 1154 764 1220 involvet
788 1177 852 1220 urow
864 1176 972 1239 poena
995 1156 1173 1238 mulorum,

219 1253 329 1320 Officii
355 1274 495 1336 memor,
524 1277 602 1336 oro,
628 1261 685 1318 tuo
711 1273 868 1318 succuum
889 1252 1029 1320 latroni!

317 1447 390 1513 Non
417 1457 589 1516 aversatus
615 1458 680 1516 tarn
707 1450 841 1516 candida
865 1458 958 1533 vota,
985 1455 1121 1517 cruento

220 1548 365 1636 Agnovit
393 1548 554 1635 pendens,
575 1549 774 1633 'pendentem
797 1555 833 1614 -in
859 1551 1002 1634 stipite,
1017 1549 1212 1618 CHRISTUS

219 1645 328 1732 Atque
353 1648 532 1730 insperata¹
547 1646 645 1712 divini
673 1645 805 1712 luminis
829 1666 911 1712 aura

219 1742 354 1808 Amavit
379 1753 538 1830 mentcm3
568 1744 700 1808 afflatus
726 1743 901 1831 deprendit
925 1749 957 1810 in
982 1748 1057 1827 ipso

220 1840 427 1907 Semianimis
453 1842 564 1906 uultus
590 1841 717 1926 pallore
743 1841 915 1927 oculisque
941 1847 1064 1906 retusis

219 1936 427 2021 Majestatem
454 1939 560 2023 illam,
586 1945 617 2004 in
643 1959 746 2025 puero
773 1961 868 2026 quam
893 1947 1048 2006 senserat
1072 1938 1159 2006 olim.

220 2035 421 2122 oblitusque
447 2045 519 2121 soi,
546 2058 681 2103 causum
707 2043 877 2104 morientis
903 2047 938 2104 et
964 2056 1089 2103 onrncnr

220 2134 381 2222 Supplicii
406 2135 534 2202 infamis
560 2134 886 2217 faelem-scrutatur,
912 2134 1021 2200 acmbi

219 2231 263 2298 Ut
287 2232 372 2299 ferat
396 2239 564 2322 ingenium
590 2232 675 2298 lethi
700 2233 876 2318 durumque
904 2253 1047 2302 coronae

220 2330 481 2417 Flagrorumque
504 2335 724 2418 ignominiam.
776 2330 855 2396 (luo
877 2337 1013 2415 pectore
1039 2349 1179 2396 amaram

220 2428 372 2514 Excipiet
399 2448 570 2512 procerum
596 2429 736 2510 rabiem,
762 2449 827 2512 quo
855 2434 1037 2492 scommata
1061 2428 1162 2494 vultu.

222 2526 432 2591 constantem
458 2525 684 2611 placidumque
709 2524 814 2609 videtq
840 2529 1045 2607 miserantis,
1073 2531 1212 2594 amantis

220 2621 323 2704 Vota,
350 2621 470 2707 quibus
496 2628 606 2688 saevis
632 2627 758 2690 veniam
784 2627 859 2708 pius
886 2622 1040 2690 hostibus
1069 2632 1159 2706 orat,

222 2719 324 2784 Audit
350 2727 385 2784 et
409 2719 571 2786 admirans
597 2727 738 2805 rapitur,
766 2728 948 2808 ruptusque
974 2721 1130 2808 liquescit

221 2816 364 2904 Insignis
390 2822 514 2903 pietate
541 2826 657 2904 animi,
683 2819 855 2906 pendentis
881 2821 1023 2900 bonore,

222 2913 289 3001 Spe
312 2921 446 3002 veniae,
474 2917 637 2984 desiderio
665 2923 991 2998 morientis,·amore

222 3012 413 3100 Parccntis3
442 3015 678 3101 pulchrumque
705 3021 786 3080 mori
812 3018 991 3092 succurrit,
1018 3012 1134 3079 eodem

222 3111 297 3177 (luo
325 3117 411 3178 vitae
436 3119 618 3199 mortisque
643 3114 761 3178 author
786 3111 938 3196 dignatus
963 3111 1057 3176 obire

221 3210 402 3295 Tempore,
427 3211 591 3300 supplicio
616 3216 758 3293 raptum3
783 3207 895 3272 felicia
920 3215 1035 3272 censet

222 3307 379 3390 Crimina,
404 3308 536 3374 felicem
563 3311 733 3394 opportuui
762 3306 886 3371 funeris
914 3305 1038 3371 boram.

320 3502 411 3567 Haeo
437 3523 547 3566 secum
576 3523 776 3586 memorans,
803 3507 887 3567 socii
913 3501 1079 3570 malesana
1104 3499 1243 3566 latronis

223 3599 393 3666 Murmura
419 3607 455 3664 et
476 3605 508 3665 in
534 3599 641 3664 inedia
666 3608 858 3688 conceptum
885 3609 989 3668 morte
1011 3601 1154 3666 furorem

222 3696 363 3781 Accipit.
415 3695 475 3761 llle
501 3717 626 3762 ornnem
653 3719 824 3783 procerum
850 3699 1022 3785 plebisque
1048 3715 1202 3762 cormram

222 3793 339 3859 Effusa
363 3793 497 3859 effrenis
522 3796 679 3862 stomachi
707 3795 907 3881 petulantia,
933 3802 965 3862 in
985 3803 1091 3860 'unum

199 3890 397 3976 .Aspiciens
423 3894 612 3979 conjuratos
638 3900 790 3980 saevire,
818 3903 881 3958 neo
904 3891 1002 3960 ullam

222 3989 366 4075 Viperea
391 3997 423 4058 iu
450 3992 660 4061 Cfluiswm
688 3992 773 4058 solvi
800 3995 873 4056 sine
898 3989 1032 4078 cuspide
1052 3988 1220 4078 linguam,

221 4086 301 4154 Sive
326 4088 466 4177 aliquem
492 4097 624 4176 spretae
650 4089 828 4176 decerpere
853 4093 972 4156 mortis
996 4089 1170 4168 honorem,
