3060 4752
655 243 899 302 cuaisriiiios

229 433 272 500 Ut
294 431 382 522 legis
407 430 570 500 dominnm
595 432 855 520 dictatoremque
882 451 1050 502 sacrorum
1139 471 1143 474 ·

228 533 353 600 Effusis
379 530 522 616 lapidum
547 534 665 600 nimbis
690 542 725 598 et
749 532 837 598 mille
863 532 999 598 nocendi
1082 559 1092 568 ²

228 629 368 696 Artibus
395 636 601 715 impeterent.
652 629 752 697 Caeci
773 631 962 717 iusumque!
990 637 1136 713 parentis

227 728 366 794 Aeterni
393 733 549 815 auspiciis
575 749 616 792 ιιιι
642 728 904 813 conspirantibus
931 733 994 794 atri

108 849 112 857 ¹
228 827 385 893 Postibus
410 826 529 891 inferni
557 831 672 912 genios
698 824 896 890 Acherontis
923 831 1018 912 opaci

229 924 374 990 Creditis
399 923 550 1008 ejectos?
577 941 638 987 nec
665 923 771 988 adhuc
795 921 848 987 fos
874 943 953 987 esse
978 930 1116 1010 potatis,

228 1020 392 1087 Antissam
419 1021 508 1086 festa
530 1020 778 1087 revocaril'uce
803 1019 971 1086 salntem?

229 1119 317 1185 Cedo
343 1117 494 1204 equidem
519 1122 695 1204 viocorque
721 1118 848 1204 libens3
876 1139 935 1202 per
958 1118 1128 1203 molinet,
1153 1119 1221 1184 illis
1309 1135 1313 1148 ·

227 1215 376 1281 Ambusti
404 1215 541 1281 flammis
567 1224 866 1302 tormentorumque
891 1221 1028 1301 perenni

227 1312 345 1378 Vexati
370 1312 476 1395 rabie,
503 1313 658 1398 clamate,
686 1314 810 1380 ululate
836 1315 1001 1382 furentes!

228 1411 313 1476 Dum
337 1431 411 1477 mea
435 1420 596 1499 perpetuo
621 1411 830 1478 celebrantur
855 1410 993 1478 sabbata
1018 1412 1147 1498 planen

326 1605 464 1672 Talibus
489 1606 652 1673 interestne
677 1603 759 1671 diris
786 1605 860 1672 dam
886 1605 1037 1672 verberat
1065 1606 1196 1673 umbras

228 1703 273 1770 Et
297 1708 419 1769 minero
445 1709 570 1792 regerit
596 1709 739 1770 convitia
764 1723 875 1768 amera
899 1704 1040 1786 latroni,

229 1801 294 1868 aur
320 1800 390 1867 diro
416 1808 560 1866 moriens
585 1807 780 1868 morientem
806 1806 958 1867 irriserat
981 1821 1075 1866 auru.

227 1898 314 1965 Ecce
339 1898 397 1964 tibi
424 1919 465 1964 ex
490 1905 565 1964 imis
590 1899 690 1964 Erebi
717 1898 962 1965 immiserabilis
988 1904 1090 1965 antris

227 1995 392 2062 Flammea
416 1996 553 2062 terribili
579 2017 721 2084 surgens
746 2015 806 2080 per
831 2015 934 2081 opaca
957 1995 1115 2086 fragore

227 2094 372 2160 Emeruit
394 2100 482 2178 rota,
510 2101 543 2160 et
565 2093 739 2160 horrendis
765 2094 966 2160 stridoribus
994 2113 1094 2159 annes

227 2191 437 2275 obtundens,
465 2197 560 2259 stetit
583 2197 662 2259 ante
686 2190 802 2258 oculos
827 2201 863 2256 et
886 2191 962 2256 luce
988 2192 1132 2280 maligna

228 2288 404 2375 Sulphuris
427 2295 558 2356 accensi
584 2289 717 2354 foedum
745 2289 896 2378 caliginis
922 2297 1014 2354 atrae

227 2387 407 2452 llorrorem
432 2394 465 2452 et
489 2392 618 2471 spissos
644 2385 745 2451 Erebi
770 2386 973 2452 discriminat
998 2385 1143 2452 umbras.

84 2480 96 2492 ’
227 2483 459 2571 implexasque
484 2492 578 2550 rotae
605 2473 767 2548 et'clavis
793 2483 913 2549 affixus
939 2489 1079 2548 amantis

227 2580 380 2646 Proditor
405 2581 534 2646 infamis
561 2579 699 2665 domini,
729 2601 826 2667 quem
852 2580 971 2646 lividus
998 2586 1117 2668 anguis

228 2680 288 2744 Bis
314 2678 452 2745 medium
479 2676 696 2764 amplectens,
717 2677 813 2763 jecur
839 2678 1021 2745 immortale
1048 2681 1195 2744 cruentis

228 2775 401 2841 Mortibus
429 2777 568 2842 infestat
592 2784 756 2862 ruptoque
782 2781 928 2861 patentia
954 2778 1068 2842 ventre

227 2873 385 2958 Viscera3
416 2895 476 2939 nec
501 2873 594 2940 fibris
620 2880 754 2960 requies
777 2871 874 2939 datur
900 2871 968 2940 nlla
993 2877 1128 2938 renatis.

227 2971 301 3038 Non
328 2980 434 3037 tamen
461 2979 517 3037 aut
542 2979 617 3036 rota
642 2971 782 3037 terribili
808 2976 927 3036 circum
954 2979 1027 3036 acta
1052 2976 1211 3058 perennis

227 3071 271 3137 Et
296 3075 416 3136 circum
437 3068 505 3153 jam
532 3087 664 3156 semper
688 3069 815 3156 agenda
840 3069 1003 3134 volumine
1028 3068 1129 3152 ictui,

227 3169 303 3234 Non
330 3186 443 3232 omnes
469 3172 563 3231 saevi
589 3167 693 3231 furiae
720 3172 947 3250 tormentaque
974 3167 1064 3231 Ditis

228 3267 366 3330 'lantum
391 3263 514 3328 infelici
538 3269 672 3348 pariunt
696 3262 816 3327 collata
840 3261 1005 3344 dolorem,

228 3360 355 3425 lulensi
381 3369 534 3446 quantum
561 3361 667 3426 facies
693 3357 868 3425 metuenda
892 3364 1052 3448 magistri.

225 3457 338 3540 Atque
363 3458 436 3522 ideo
463 3456 576 3523 infelix
601 3477 686 3523 urnac
711 3458 772 3522 hec
796 3475 882 3522 nnnc
908 3457 1058 3523 turbidus
1085 3454 1164 3520 illac

229 3551 397 3636 Volvitur,
424 3563 524 3638 atque
551 3575 677 3622 omnem
703 3555 826 3620 frustra
850 3573 888 3619 se
913 3561 1046 3641 torquet
1071 3559 1102 3618 in
1130 3552 1220 3616 orbis

229 3651 387 3738 lgnivomi
413 3650 555 3733 radium,
583 3658 704 3736 spissis
731 3673 770 3718 se
796 3657 994 3740 immergere
1021 3657 1152 3716 tentans

229 3748 349 3814 lnferni
372 3746 520 3812 latebris.
572 3749 690 3814 Divino
715 3748 890 3814 immobilis
916 3750 1008 3814 orbis

230 3848 385 3913 Constitit
411 3849 550 3930 imperio
576 3845 854 3932 spectandumque
882 3845 1003 3911 obtulit
1031 3849 1117 3909 omni

231 3942 416 4012 Coclitunm
440 3950 584 4030 turmae,
611 3943 687 4009 dnm
712 3943 804 4008 vultu
829 3942 978 4008 infensus
1004 3961 1116 4007 amaro

230 4039 469 4130 Terribilisqne
491 4047 542 4108 ira
566 4043 761 4113 Grinis'riis
788 4039 958 4108 benefacta
983 4045 1135 4108 trementi
1153 4035 1183 4056 “’
