3076 4744
115 275 217 326 cmm
586 243 589 250 ⁴
666 273 775 326 urana
797 275 817 326 r.

199 454 387 539 Subjiciens
413 457 530 524 oculis.
582 453 735 522 Gemitus
756 455 961 544 plangentis,
990 481 1111 544 opacae

80 585 87 602 ·
197 554 402 644 Ingeminant
429 555 553 636 valles,
579 561 738 620 etamici
764 553 905 623 vallibus
928 576 1049 622 amnes.

198 652 267 740 lpsi
294 657 391 721 etiam
418 653 553 742 aligeri,
578 657 677 736 queis
703 655 838 720 aethere
865 653 960 720 dulce
986 653 1104 720 relicta

198 749 396 816 Caelicolum
423 751 564 816 Deminn
592 748 745 816 dilectum
772 757 916 816 invisere
942 760 1099 835 montem,

198 847 241 912 Et
268 847 373 912 valles
399 849 546 914 habitare
572 867 707 931 sacras,
734 854 913 936 purissima
938 855 1026 914 tristi

197 944 322 1011 Gaudia
349 956 545 1031 praetexunt
569 945 676 1012 vultur
703 952 862 1035 regisque
887 967 1061 1032 supremos

195 1044 289 1126 (Qua
313 1043 381 1121 fas)
409 1044 552 1112 sollicito
578 1049 773 1110 miserantur
797 1065 907 1109 amore
933 1045 1076 1110 labores.

195 1140 305 1225 Atque
331 1141 451 1227 aliquis
477 1143 634 1226 fortunati
660 1164 756 1228 quem
784 1141 908 1207 credita
930 1147 1050 1209 montis

196 1239 281 1304 Cura
305 1245 444 1326 premit,
470 1239 621 1326 dulcique
648 1245 734 1324 rapit
760 1239 912 1305 custddia
936 1261 1065 1319 amora,-
1126 1271 1128 1278 ⁴

197 1336 374 1422 Constitit3
400 1347 435 1404 et
459 1343 584 1426 gemitu
608 1341 661 1401 vix
683 1337 817 1402 tandem
844 1343 879 1412 iuu
900 1337 1001 1403 rerba
1028 1337 1155 1402 soluto:

293 1529 364 1598 llas
391 1535 527 1618 (inquit)
554 1531 682 1611 valles,
708 1533 771 1612 hps
796 1531 916 1618 seligis
931 1535 1061 1616 ‚optime
1083 1531 1177 1600 luens

194 1629 374 1700 Leviadmtt
400 1634 433 1696 in
458 1628 797 1716 furias‚..perjurique
823 1627 938 1696 nacula
962 1627 1118 1704 sumar·
1142 1633 1146 1640 '
1166 1621 1170 1636 ”

194 1725 325 1791 Siccine
353 1727 727 1817 Gethaemanelandes,
752 1743 936 1812 nomenque
963 1726 1129 1814 decusque
1167 1777 1171 1784 .

193 1824 363 1890 lnfaustae
385 1831 509 1906 naeus,
535 1824 742 1911 scelerisque
764 1826 900 1913 infamia
927 1828 1081 1910 merget?

194 1923 280 2006 Spes
308 1923 509 2006 mihi5.spes
534 1927 667 2006 superis
692 1923 818 2002 fuerat,
846 1920 978 1990 faelicia
1002 1929 1093 1986 tauto

195 2017 354 2100 Hospite,
380 2023 549 2086 nocturnis
566 2019 706 2084 ¹Domini
733 2017 947 2084 celeberrima
976 2022 1064 2082 vetis

197 2111 362 2176 Auditura
388 2129 514 2200 omnent
540 2109 716 2194 dosaphati
742 2134 819 2176 rura
842 2132 902 2196 per
929 2111 1056 2178 arbem:

195 2210 388 2273 Decessurn
413 2216 472 2272 tun
500 2208 657 2274 Parnassi
682 2206 824 2274 culmina
853 2213 972 2270 monti:

194 2307 340 2390 Dycteos
364 2305 490 2386 saltus,
515 2305 680 2390 Phrygiae
704 2324 801 2368 sacra
826 2303 984 2388 Dindyma
1009 2309 1121 2387 matri,
1210 2361 1214 2370 ,
1283 2313 1287 2320 ’

195 2401 328 2467 Saturni
353 2403 502 2487 Latium3
529 2401 585 2466 vel
609 2407 639 2466 si
663 2399 741 2488 quid
768 2400 888 2468 clarius
914 2400 980 2466 illis

195 2499 352 2566 Mendaci
377 2505 518 2585 pietate,
546 2499 720 2584 alienoque
749 2503 838 2564 auxit
864 2499 991 2565 honere

194 2596 227 2660 ln
254 2596 381 2662 caelum
409 2597 529 2663 tollens
552 2603 623 2664 aevi
650 2596 829 2680 longinqua
856 2604 1014 2664 vetustas.

195 2693 266 2759 lien
295 2699 446 2778 quianam
471 2693 546 2762 lnce
572 2691 741 2760 caelicolis
767 2699 977 2778 gratissima,
1005 2692 1134 2758 faedam

195 2793 378 2856 obscaenis
403 2789 667 2856 circumvolitans
693 2789 825 2855 infamia
853 2797 969 2876 pennis

194 2888 323 2954 Obruet
348 2897 485 2954 aeterno
512 2907 571 2972 per
598 2893 735 2973 postera
759 2884 870 2951 saecla
892 2884 1044 2971 pudore?

195 2984 331 3051 Scilicet
356 2984 486 3052 Aeoliis
512 2984 666 3070 quicquid
692 2991 840 3050 narratur
866 2987 896 3044 iu
920 2987 1022 3048 antris

194 3082 363 3165 Dirarum,
394 3083 546 3168 quicquid
571 3081 693 3149 Siculis
719 3099 857 3166 regnare
884 3084 1057 3160 caminisq.

194 3181 373 3263 Tartareo,
401 3180 553 3266 quicquid
581 3178 674 3246 Baali
700 3178 818 3244 derata
843 3183 988 3244 eruentis

194 3275 344 3343 Vallibns
372 3278 532 3360 occultat,
556 3277 710 3366 lucisque
737 3275 893 3342 Gehenna
918 3273 1080 3361 profanis3
1178 3271 1185 3300 ²

195 3374 310 3438 lnduet
335 3365 399 3437 hoc
425 3384 558 3440 nostros
584 3373 726 3440 crudelis
752 3370 864 3440 fabula
891 3372 1003 3441 calles.

196 3471 292 3536 Quod
317 3479 368 3552 tc,
393 3493 452 3556 per
476 3493 646 3558 magnum,
672 3493 736 3554 qun
762 3493 822 3537 nos
851 3470 1014 3556 dignaris,
1042 3485 1205 3548 amorem

196 3571 356 3650 Oramus,
384 3568 609 3653 lacrymasque
635 3575 728 3652 tuasq
754 3587 813 3654 per
838 3568 946 3652 siquid
974 3572 1005 3630 in
1032 3571 1099 3636 istu

196 3664 309 3728 Monte
335 3665 393 3730 tibi
420 3666 570 3746 charum,
600 3664 708 3748 siquid
734 3664 944 3733 vernantibus
970 3663 1092 3735 umbris

197 3762 302 3826 Dulcc
327 3763 405 3830 luit:
433 3771 483 3828 t0t
509 3762 719 3848 supplicibus
738 3767 813 3846 pins
839 3771 963 3843 annuc,
990 3769 1023 3826 et
1048 3781 1142 3829 unam

197 3857 296 3940 (Nam
320 3867 436 3943 potes)
462 3862 546 3926 lianc
570 3859 645 3926 aliis
671 3865 701 3922 in
729 3859 869 3926 vallibus
894 3865 1010 3942 excipe
1037 3865 1172 3922 noctem.

197 3956 255 4020 Sin
282 3958 413 4022 diversa
437 3966 513 4023 tuae
535 3956 626 4024 sedit
652 3961 817 4025 cantantia
841 3962 960 4040 menti3

198 4052 250 4116 Da
273 4053 391 4118 saltem
416 4054 554 4122 Ausonii
579 4054 705 4140 quando
732 4055 796 4120 hoc
822 4053 883 4122 sub
908 4063 1016 4120 monte
1042 4051 1187 4118 latrones

198 4149 233 4214 lu
258 4152 517 4220 lacrumarum
542 4173 716 4239 pronatum
733 4149 932 4222 stltlelllffl
950 4151 1072 4231 ‘misti‘
1108 4239 1155 4303 1,,
