3082 4746
131 229 264 282 tiu-M
663 223 777 278 hiemi·
798 224 846 278 tx:

219 411 385 478 Effuudet.
436 411 507 476 Rex
533 409 686 476 fatidicae
711 415 907 494 perterritus
934 417 1044 475 oeauo

219 509 391 598 Reginae,
418 513 563 574 excisam
590 507 704 574 Libani
730 508 770 573 de
798 513 920 572 vertice
944 507 1016 574 tolli

220 608 439 694 lmmergiquc
460 605 558 690 jubet
582 611 693 693 stagni
718 605 872 693 pluvialis
899 612 931 669 in
959 604 1082 686 undas,

220 706 295 771 (luo
322 711 533 770 consecratas
559 703 681 788 templo
708 701 1045 787 coeloquebidentcs

219 803 368 868 Sacrifici
394 810 546 888 purgant.
597 803 740 879 (Priscis
763 799 944 864 Bethsaida
968 809 1123 888 stagnum
1249 801 1255 847 ἰ

220 901 349 967 Dicitur
374 898 558 983 Hebraeis,
586 904 714 984 piscina
740 899 912 983 probatica
938 889 1062 976 Graiis)

218 997 266 1064 lix
294 997 351 1063 illo
379 997 516 1062 medicis
542 1006 695 1086 etagrrum
720 995 910 1063 venerabile
936 995 1080 1080 lymphis

217 1095 365 1161 Arcebat
387 1095 543 1160 membris
569 1095 681 1159 febres
709 1103 743 1159 et
767 1099 919 1179 quisquis
946 1099 976 1156 iu
1003 1093 1107 1158 undas

217 1195 348 1260 Primus
375 1194 416 1257 ab
447 1192 575 1280 Aligcri
601 1201 690 1257 motu
715 1213 755 1256 se
782 1198 1005 1274 immerserat,
1023 1197 1118 1255 'orani

216 1293 373 1357 Protinus
397 1311 539 1356 excussa
564 1290 748 1355 morborum
776 1299 870 1374 peste
897 1289 1025 1355 redibat

215 1389 411 1475 Incolumis,
438 1408 499 1454 ceu
525 1407 603 1453 vere
630 1409 732 1470 novo,
760 1409 831 1452 cum
858 1386 1004 1455 lubricus
1031 1394 1150 1474 anguis

216 1487 353 1554 Exuviis
379 1491 517 1570 positia,
542 1485 680 1551 maculis
706 1489 849 1573 insignis
873 1493 908 1548 et
931 1506 1012 1551 auro

215 1584 368 1671 Effulget
392 1583 585 1669 trifidaeque
611 1591 767 1648 coruscat
792 1583 922 1668 spicula
947 1581 1089 1670 liuguae.

216 1683 335 1747 Verum
364 1681 417 1745 ubi
444 1687 609 1768 primaeva
633 1687 799 1746 nascentis
826 1686 956 1768 origiue
983 1679 1091 1748 mundi

216 1779 396 1864 Expectata
422 1779 509 1862 dies,
536 1799 666 1844 currum
692 1780 896 1865 rapientibus
920 1779 1029 1860 horis,

216 1877 302 1942 Acta
326 1876 583 1961 propinquabat,
609 1885 744 1942 mortem
772 1897 931 1941 eversura
957 1876 1176 1963 Stygemque,

216 1975 303 2040 Ecce
328 1975 388 2038 tihi
415 1995 568 2058 superum
594 1975 759 2057 manibus,
787 1990 1011 2060 superumque
1037 1977 1185 2058 parentis

216 2072 374 2156 Imperio,
401 2071 507 2136 media
529 2077 745 2155 intempestae
772 2076 878 2134 noctis
906 2077 937 2134 iu
965 2071 1095 2152 umbra,

217 2168 407 2233 Extrahitur
429 2175 550 2255 stagno
576 2175 726 2254 truncus3
752 2167 930 2253 templique
955 2173 1103 2234 mimum

216 2267 344 2332 Nescio
371 2270 422 2328 cui
449 2266 648 2352 [nomenque
674 2273 735 2331 viri
763 2271 966 2351 stirpemque
992 2270 1141 2330 vetustas

217 2364 371 2449 Obruit),
399 2369 432 2429 iu
459 2362 611 2447 praedam
639 2368 763 2450 cessit3
790 2367 845 2448 qui
871 2367 1017 2446 percitus
1043 2369 1156 2426 oestro

216 2459 358 2526 Invidiae
385 2459 592 2547 stimulisque
619 2460 686 2526 odii
711 2461 889 2526 liventibus
915 2470 1026 2544 aetus,
1132 2465 1134 2470 '
1235 2511 1239 2520 .

216 2557 359 2622 Exitium
387 2559 552 2628 CHRISTI
577 2561 813 2645 immaturaque
838 2559 907 2623 fata
934 2558 988 2624 vel
1010 2561 1086 2642 ipso

216 2654 336 2719 Acrior
361 2655 499 2741 urgebat
524 2656 659 2740 caipha.
712 2656 807 2722 Nihil
833 2655 890 2721 tllc
915 2657 1050 2721 latentis

216 2752 377 2816 Conscius
405 2758 437 2816 in
463 2752 553 2839 liguo
580 2758 728 2834 virtutis,
755 2763 790 2817 at
814 2753 898 2818 uude
925 2754 1087 2839 quibusve

216 2847 395 2914 Advectum
422 2850 631 2914 manibust
597 2857 729 2936 stupet3
759 2850 949 2935 illibataque
976 2869 1114 2914 cernens

215 2947 347 3012 Robora
371 2953 437 3010 et
429 2968 459 3010 ra
487 2952 595 3011 varios
621 2970 703 3012 usus
730 2947 888 3031 aptanda,
915 2945 1041 3011 revolvi
1121 2961 1123 2965 ·
1184 2941 1185 2944 '

214 3043 250 3107 ln
277 3065 340 3109 sua
363 3040 453 3110 tecta
473 3043 578 3126 jubet.
630 3043 697 3110 Sed
724 3051 809 3109 enirn
836 3044 918 3110 dum
937 3043 1076 3130 perdere
1102 3044 1266 3110 Christum

214 3139 335 3227 Stipite
361 3137 515 3208 suffixum
539 3163 712 3227 procerum
739 3144 862 3208 furor
854 3148 981 3227 impius
998 3141 1101 3206 ardet.

214 3238 455 3324 Impatiensque
484 3260 596 3304 morae
623 3248 753 3325 quaerit
778 3241 957 3326 clavosque
979 3259 1197 3323 crucemque,

215 3335 289 3400 Nou
314 3344 486 3421 expectata
511 3345 696 3403 cunctantis
717 3338 839 3422 judicis
866 3357 964 3418 urna,

213 3433 345 3498 Obtulit
372 3435 456 3499 hunc
477 3435 588 3500 avidis
613 3441 711 3502 invisi
737 3443 768 3500 in
795 3436 911 3500 funera
940 3443 1099 3498 truncum.

215 3528 420 3614 Applausere
448 3553 561 3596 omues
584 3553 749 3618 curruque
775 3535 814 3596 ad
842 3531 953 3597 limina
978 3530 1132 3609 tendunt,
1163 3565 1206 3578 -··

214 3629 297 3692 Nam
324 3634 430 3693 vicina
454 3630 587 3712 domus,
614 3637 671 3716 qui
696 3651 775 3696 sese
801 3649 986 3716 operasque
1012 3628 1159 3694 locarant

217 3725 366 3792 Artifices
390 3733 584 3811 instantque·
604 3734 695 3813 operi
722 3734 916 3815 gratumque
944 3726 1090 3792 laborem

214 3822 308 3888 Enixi
335 3825 529 3890 accelerant·
581 3825 623 3889 Et
643 3825 711 3909 jam
740 3826 900 3911 surgebat
924 3832 956 3889 in
984 3845 1084 3889 auras

212 3918 278 3984 Ter
304 3927 421 4006 quinos
448 3947 527 3988 crux
553 3924 619 3988 alta
642 3924 743 4009 pedes
770 3923 958 4007 nodosaque
985 3928 1016 3987 iu
1043 3932 1118 3986 octo

212 4016 353 4082 Brachia
381 4021 596 4104 protendcus3
621 4019 969 4108 onusiasupcrabile‚
996 4018 1089 4100 cujus

1103 4209 1177 4277 ra*
