3076 4744
133 245 279 325 ,Μ
693 239 801 293 umen
824 241 845 292 r.
906 255 910 260 ·

225 427 426 494 successum
450 424 578 490 insidiis
603 447 666 490 nou
694 425 894 513 respondere
919 435 1054 513 paratis.
1171 425 1173 431 ⁸

224 524 407 611 Tisiphone
432 523 515 589 haec
539 529 626 588 inter
649 524 773 589 charos
796 529 954 612 ingressa
979 535 1134 613 penates,

224 621 417 688 Terribilem
442 621 587 702 uultum,
613 627 768 706 tristique
792 627 940 687 natantia
964 623 1040 688 taho

225 720 360 784 Lumina
385 725 564 804 componit,
593 719 735 785 crinales
758 724 897 784 verticis
921 741 1050 808 angues

224 819 417 900 Temperat,
443 824 479 880 et
504 816 771 904 posita·furialis
796 822 939 904 imagine
964 819 1109 898 formae,

223 914 330 980 Induit
354 913 523 1002 effigiem,
544 933 750 1000 uocemque,
778 914 1000 1001 humerosque
1025 915 1170 1000 Rumon

223 1013 287 1079 (lui
314 1012 460 1096 Caiphae
483 1009 627 1076 famulor
653 1017 739 1075 inter
765 1017 975 1100 gratissimus
999 1033 1106 1095 uuus,

220 1111 294 1176 Nec
318 1108 428 1175 dudae
455 1129 566 1172 comes
591 1113 760 1196 ingratrrsq
787 1129 858 1174 cum
885 1109 1016 1175 flumina
1039 1117 1172 1197 propter

220 1207 377 1272 lncautos
402 1204 544 1270 tremula
569 1212 717 1292 captaret
742 1206 899 1270 arundine
929 1211 1059 1292 pisces,
1235 1211 1237 1216 “

221 1305 446 1388 Pisccsasque
472 1303 576 1368 avidis
600 1305 747 1381 turbaret
771 1305 898 1369 retibus
924 1305 1040 1370 undas.
1156 1347 1161 1356 -

220 1401 264 1468 Ut
288 1407 394 1482 venit,
420 1405 595 1489 ignescunt
618 1407 735 1466 antimi:
764 1401 984 1490 implacabilis
1009 1409 1074 1485 ira,
1185 1473 1189 1484 ,

220 1500 263 1565 Et
289 1518 449 1587 praeceps
476 1505 513 1563 in·
533 1499 604 1563 tela
626 1500 738 1581 furor,
767 1516 955 1584 saevusque
984 1499 1122 1564 nocendi

220 1596 344 1680 Ardor,
370 1602 405 1662 et
428 1602 602 1682 impatiens
628 1597 734 1662 obicis
759 1594 870 1678 dolor,
898 1597 1178 1684 aemula'magnis

218 1693 362 1776 Invidia,
394 1698 491 1758 invisi
517 1699 593 1759 sitis
618 1700 779 1778 impacata
804 1699 930 1760 cruoris
989 1705 993 1713 ’

219 1791 329 1856 Altius
354 1795 558 1872 increscunt,
589 1801 623 1856 et
647 1792 778 1858 turbida
801 1801 942 1878 pectora
965 1801 1111 1858 versant.

219 1889 400 1974 Postquam
425 1895 642 1976 sanguineum
670 1896 752 1954 satis
777 1895 951 1954 exacuisse
977 1890 1121 1956 furorem

219 1984 318 2063 Visa,
344 2005 449 2048 rrovos
473 1986 583 2049 aditus
609 1987 752 2067 sceleri5
772 1994 1020 2072 opportunaque
1046 1989 1157 2051 furtim

221 2077 368 2143 Consilia
391 2083 540 2159 inspirat.
590 2081 751 2144 Ducdenc
776 2101 815 2144 ex
842 2087 970 2166 agmine
997 2101 1192 2166 quemquam

221 2173 256 2240 lu
282 2180 396 2260 partes
421 2179 566 2255 terrore,
592 2173 697 2255 dolis,
720 2175 879 2258 donisque
903 2177 1098 2240 trahendum

220 2271 393 2358 suggerit
446 2269 593 2335 Unanimi
623 2272 741 2337 Patres
768 2275 930 2336 sententia
954 2278 986 2338 in
1013 2279 1117 2338 atrum

219 2369 417 2454 conspirant
437 2365 567 2432 facinus
591 2374 746 2454 votisque
773 2369 836 2432 hac
860 2369 1010 2434 omnihus
1034 2375 1164 2434 instant.

219 2465 264 2530 Et
289 2464 434 2548 Caiphae
461 2464 557 2529 hilari
584 2465 671 2530 fidos
695 2465 872 2530 hincinde
895 2486 1071 2550 pererrans
1109 2491 1113 2498 ·

219 2563 348 2628 lntultu
372 2560 533 2628 famulos:
560 2583 656 2648 quern
681 2571 826 2633 vestrum
853 2564 936 2629 haec
962 2563 1072 2652 gloria
1100 2564 1210 2652 dignis

221 2658 386 2724 Sollicitat
411 2659 575 2742 stimulis,
601 2659 756 2744 dulcique
783 2661 934 2745 cupidine
961 2662 1094 2728 tentat?
1182 2708 1184 2717 ·

220 2756 282 2821 Vix
308 2775 348 2820 ea
372 2755 574 2842 protulerat,
601 2776 779 2840 vocemque
805 2757 972 2842 loquentis
998 2757 1139 2842 Erinnys

220 2851 354 2937 Excipit
379 2852 546 2917 exultans:
573 2873 643 2936 me,
669 2872 720 2916 me
747 2854 846 2917 Pater
871 2859 1009 2938 optime,
1037 2854 1144 2919 solum

220 2948 278 3014 Me
303 2947 396 3014 lahor
421 2956 487 3014 iste
512 2957 627 3014 vocat:
656 2956 777 3014 certam
804 2951 880 3013 mihi
906 2955 991 3014 retia
1016 2951 1170 3036 praedam

220 3045 295 3112 Jam
321 3046 440 3112 dudum
463 3047 614 3132 disposta
638 3055 763 3134 parant.
815 3045 876 3111 Vel
906 3046 1019 3112 fabula
1043 3047 1152 3134 vulgi,

221 3140 282 3207 Vel
306 3143 374 3230 pila
398 3145 552 3209 fortunae
575 3144 681 3224 dicat,-
707 3153 911 3230 ventosaque
936 3165 1055 3231 magno

220 3237 331 3306 Verba
354 3262 492 3326 crepans
519 3247 721 3325 importunus
746 3243 929 3326 promissor
954 3242 1068 3326 hiatu3

220 3335 257 3401 Si
283 3343 436 3403 comitum
464 3357 483 3402 e
511 3357 645 3402 numero
671 3337 793 3402 nullum
819 3337 873 3404 rel
899 3339 1046 3426 perfidus
1071 3345 1143 3406 auri

220 3433 254 3497 ln
281 3434 452 3500 Dominum
479 3435 668 3522 corrumpat
693 3441 801 3519 amor,
827 3435 879 3500 vel
905 3435 1053 3500 Daedala
1077 3437 1165 3504 fandi

221 3534 339 3619 Copia,
365 3537 579 3617 victricisque
601 3541 717 3618 potens
740 3532 891 3598 facundia
915 3532 1059 3621 linguae.

220 3627 426 3717 Applauserc
452 3631 589 3712 omnes'5
610 3635 790 3714 animisque
811 3627 1015 3712 volentibus,
1042 3630 1159 3718 amplis

220 3724 436 3790 Accumulaut
460 3725 555 3792 donis
581 3733 757 3810 promissa,
785 3735 985 3814 onerantque
1009 3730 1158 3812 profusis

219 3822 396 3888 Laudibus.
442 3823 600 3912 lngressu
624 3843 734 3889 rerum
761 3823 892 3890 sublata
915 3825 1061 3891 secundo

218 3919 399 4005 Tisiphone
425 3921 513 3985 laeta
538 3921 709 3986 confestim
733 3927 872 4007 erumpit
898 3922 937 3986 ab
954 3921 1051 4004 aula,
1145 3979 1148 3981 ,

220 4015 361 4103 Altaque
386 4018 500 4084 dessei
521 4017 642 4105 pennis'
666 4019 802 4106 fastigia
826 4020 938 4105 ternpli

219 4112 430 4200 limpsana,
456 4115 625 4203 tutamque
647 4121 825 4203 aspectans
848 4116 991 4206 desupra·
1016 4115 1145 4199 urhem3
1257 4163 1262 4174 .
