3056 4758
666 203 910 258 carissimos

332 391 422 457 llaec
448 390 587 470 Petrus,
615 386 674 452 sed
701 395 776 452 nota
802 393 847 472 pii
871 393 1055 474 importuna
1082 388 1216 458 clientis

172 555 181 568 ‚
234 487 393 555 Obscuris
418 509 499 552 vera
521 485 694 551 involvens
721 505 778 550 rex
805 507 943 573 magnus
971 486 1098 572 Olympi

233 588 371 653 Distulit
395 590 606 670 increpitans.
663 583 752 657 ,auid
780 585 900 664 Petne,
927 583 1003 669 quid
1031 586 1210 652 atnner‘ad
1237 595 1287 668 tc,

234 684 309 750 (luo
331 684 465 769 juvenis
492 683 600 763 letho,
626 703 691 766 qua
717 680 904 745 conditione
930 689 1109 748 morantem

233 781 394 870 Expectat
421 781 602 845 Dominum.
654 779 702 842 Tu
727 783 804 841 tanti
831 776 939 841 laetus
964 778 1100 844 honoris

233 879 290 945 lile
317 899 459 966 sequere
487 883 609 964 insigni
636 895 708 940 mea
733 895 793 962 per
817 879 960 962 vestigia
985 875 1087 942 letho.

332 1075 441 1138 Dixit:
469 1079 503 1136 et
529 1076 559 1134 in
580 1071 690 1136 medio
717 1090 755 1133 ex
784 1067 891 1134 oculis
917 1089 1070 1135 sermone
1096 1078 1253 1153 recessit,

233 1171 355 1259 Magna
381 1173 561 1254 improviso
586 1167 736 1235 discessu
762 1167 884 1254 gaudia
909 1169 1053 1233 turbans.

232 1270 297 1354 lpsi
327 1272 443 1349 etiam,
470 1287 662 1352 quamquam
689 1271 780 1329 inriti
807 1266 897 1346 (nam
923 1272 1004 1330 mira
1029 1265 1180 1351 voluptas

231 1367 343 1430 Divini
370 1363 481 1429 uultus
508 1364 681 1430 labefactis
710 1363 875 1428 mentibus
901 1385 1026 1428 omnem

232 1462 412 1548 Expulerat
438 1471 547 1528 terrae
574 1461 753 1548 pelagique
780 1482 818 1524 ac
844 1465 924 1523 artis
951 1465 1111 1537 atriorem)

231 1559 344 1625 Partiti
373 1559 541 1645 praedam,
568 1563 717 1646 ingratos
744 1559 855 1623 adiere
879 1567 1026 1642 penates.

330 1754 374 1818 At
398 1775 561 1822 memores
589 1755 717 1820 tandem
744 1758 889 1838 imperii,
915 1775 980 1838 quo
1001 1755 1150 1838 jusserat
1176 1757 1271 1840 olim,

231 1851 381 1936 Undique
408 1852 556 1917 collectis
583 1852 731 1917 Galilaea
754 1851 924 1916 sodalibus
949 1871 1028 1916 arra

184 1932 200 1952 ⁵
231 1949 274 2013 Ut
300 1958 467 2033 peterent,
494 1956 644 2035 omnique
671 1970 765 2013 manu
791 1955 934 2032 stipante
960 1955 1104 2035 piorum,
1143 1978 1146 1987 ·

231 2046 329 2111 Celsa
354 2047 547 2113 Thaboraei·
564 2051 758 2132 superarent
783 2046 923 2112 culmina
949 2053 1083 2114 montis:

231 2145 434 2210 Conveniunt
459 2153 574 2212 animis
602 2167 713 2210 omnes
740 2144 923 2231 studiisque
950 2151 1072 2230 parati,
1182 2201 1185 2207 .
1244 2180 1248 2183 ·

229 2241 263 2306 ln
291 2263 516 2329 quamcunque
541 2253 638 2309 vocet
663 2251 805 2326 sortem,
833 2251 1020 2328 matresque
1046 2247 1172 2328 virique

230 2341 425 2424 Bissenique
452 2341 569 2424 duces,
597 2347 716 2428 gemini
742 2341 864 2404 decora
890 2341 1010 2425 inclyta
1035 2340 1152 2406 mundi.

232 2439 413 2521 Postquam
438 2439 536 2502 altum
564 2445 694 2502 ventum
723 2445 754 2500 in
782 2444 923 2500 montem
950 2439 1029 2518 [ceu
1057 2438 1143 2506 nube
1172 2439 1284 2526 fugata

231 2534 341 2597 Aurea
365 2535 499 2599 devexis
526 2533 668 2598 ostendit
694 2533 805 2598 sidera
826 2538 927 2598 terris

232 2625 364 2693 (iratior
388 2637 544 2716 ignivomi
568 2638 735 2716 insperato
762 2630 882 2720 lumine
909 2651 1025 2695 currus

230 2728 405 2808 Phoebus)
431 2734 462 2792 in
489 2734 578 2796 attrei
606 2728 808 2794 descendens
836 2735 984 2814 gramina
1010 2729 1105 2794 collis

232 2824 390 2890 Aetherei
418 2827 552 2893 soboles
579 2835 612 2891 et
638 2849 755 2914 magna
780 2832 925 2910 potentia
951 2834 1071 2909 patris,

230 2923 357 2988 Extulit
383 2945 421 2986 os
449 2947 577 2990 sacrum
606 2932 638 2988 et
663 2925 761 2989 divini
789 2928 935 3006 corporis
962 2933 1071 3004 artus,

231 3020 387 3085 Sidereac
414 3023 504 3086 claro
530 3021 612 3086 lucis
638 3022 770 3108 fulgure
797 3026 964 3090 micantes.

232 3119 385 3184 Protinus
411 3119 564 3184 inflexum
590 3119 763 3182 rrraniiesto
789 3117 916 3202 poplite
941 3139 1056 3182 numen

230 3214 423 3303 Agnoscunt
449 3215 525 3280 laeti
553 3226 587 3280 ct
614 3222 731 3282 merito
759 3224 955 3279 venerantur
980 3219 1114 3280 honore.

230 3313 430 3398 Quamquam
449 3312 559 3400 aliqui,
582 3315 700 3398 quibus
717 3311 798 3376 baec
817 3317 954 3397 primum
971 3314 1049 3377 data
1067 3316 1171 3395 copia,
1189 3313 1280 3373 annis

230 3409 416 3493 Concessa,
446 3417 604 3495 unicipites
630 3410 799 3473 turbarent
825 3409 945 3496 gaudia
970 3415 1067 3474 curis.

228 3505 373 3592 lgnoscit
398 3513 471 3590 pius
499 3509 676 3594 ambiguis,
703 3515 736 3570 et
760 3515 897 3590 pectora
922 3507 1070 3588 firmanS,

228 3603 391 3690 Dignatur
418 3604 568 3668 conferre
595 3605 727 3690 gradum
755 3605 909 3688 claroque
935 3613 1124 3691 stupentum
1174 3648 1176 3652 ,

229 3699 375 3788 Aspectu
402 3699 544 3764 solidare
568 3701 680 3780 iidem,
706 3701 779 3765 dein
807 3701 883 3765 talia
909 3702 1012 3766 latur:

327 3894 373 3958 En
399 3915 465 3982 ego
491 3915 579 3975 sum,
607 3915 701 3979 quem
729 3895 900 3979 pontifices
926 3894 1103 3981 legumque
1129 3900 1228 3979 periti

226 3992 410 4076 lnsontem,
438 3991 580 4075 eloquiis
609 3992 783 4076 fingentem
810 3999 961 4076 pectora,
987 3991 1087 4059 durae

228 4087 391 4154 Suffixerc
418 4095 523 4174 cruci3
551 4087 673 4154 crudeli
700 4088 835 4173 cuspide
860 4095 974 4172 pectus
