3082 4748
151 133 287 218 ear-ue
680 155 789 210 umus
814 157 858 210 nr.

238 344 329 432 Ergo
358 347 466 431 agite,
493 349 528 409 et
553 346 622 408 nati
647 346 727 408 mira
753 341 960 418 incunabula,
978 342 1099 430 Regis,
1151 397 1154 406 .

239 441 501 526 Rutulorumque
527 453 640 506 casam
663 439 744 505 laeti
770 445 969 527 perquirite:
999 450 1032 506 et
1057 447 1162 528 ipsum

238 538 405 627 Agrestes
431 544 516 606 inter
541 537 682 622 stipulas
707 537 875 608 celebrate
896 537 1075 622 jacentem.
1175 593 1191 602 ..
1299 593 1303 602 .

239 638 313 702 Dux
340 644 403 702 erit
427 637 483 700 ille
508 643 591 703 riae.
642 635 704 702 Vix
730 637 831 717 haec,
859 643 892 700 et
917 636 1087 702 flammeus
1114 635 1230 702 aether
1323 676 1330 692 ,

238 734 389 820 Explicat
414 742 603 800 innumeros
631 733 769 818 trepidis
794 731 989 799 Pastoribus
1014 732 1109 798 aulae

240 831 411 900 Stellaotis
432 852 611 918 proceres:
637 851 714 916 pars
743 830 1021 914 dulcicarmine,
1048 829 1148 899 laetis
1238 881 1241 888 -

236 929 321 994 Pars
348 932 504 1012 citharis,
532 946 608 1013 pars
635 927 742 994 vocali
768 928 933 994 testudine
959 926 1069 992 Patris

235 1027 396 1092 Aetherei
422 1033 577 1094 resonant
602 1025 738 1092 landes:
765 1035 864 1112 etque
891 1045 991 1092 aurea
1015 1031 1136 1112 pacis.
1186 1085 1190 1090 ,
1227 1053 1233 1066 =

236 1125 347 1208 Dona,
374 1125 449 1190 Deo
474 1131 633 1192 nasceme
657 1127 724 1207 piis
751 1143 927 1205 concessa,
955 1129 1085 1188 canoris
1324 1180 1329 1188 .

235 1222 413 1287 Plansibus
441 1227 652 1308 ingeminent.
703 1220 835 1288 Laudes
862 1227 896 1286 et
919 1225 1062 1286 carmina
1081 1219 1226 1308 jungunt
1279 1289 1282 1296 ,
1324 1227 1332 1286 Ξ

237 1321 413 1402 Pastores,
440 1318 604 1404 pulsoque
631 1326 719 1386 matu
744 1319 971 1407 gregibusque
994 1317 1140 1400 relictis,

236 1415 442 1483 Adcelerant.
494 1416 656 1503 Signabat
682 1421 857 1504 itergens
881 1415 991 1482 lucida
1014 1415 1152 1498 Divum,

237 1514 511 1600 Monstrabalque
533 1513 671 1582 domum.
693 1544 699 1548 ·
724 1515 804 1580 Cum
827 1534 925 1580 sacra
950 1512 993 1576 ad
1014 1511 1125 1579 limina
1149 1520 1293 1598 ventum,

235 1612 449 1678 Procubue're
474 1601 607 1692 omnes,
633 1617 668 1676 at
693 1610 866 1696 majestate
892 1608 1013 1694 puelli,
1112 1640 1115 1648 ·
1192 1645 1195 1652 Δ
1318 1619 1322 1627 ’

236 1710 431 1794 Divinisque
458 1707 563 1776 ocrdis
589 1707 705 1776 blande
731 1707 1070 1794 penetrantibustima

236 1806 387 1872 Pectoris
414 1812 563 1888 attoniti,
586 1805 713 1878 Numen
742 1806 894 1872 caeleste
913 1804 1076 1872 fatentur:
1142 1861 1146 1870 .
1232 1863 1235 1870 ,

235 1903 387 1987 Votaque
414 1909 617 1986 concipiunt,
641 1911 677 1967 et
701 1901 786 1968 dulci
811 1909 944 1968 visoera
968 1901 1098 1968 flamma

237 1999 383 2081 lucensi,
409 1999 509 2064 avelli
534 1995 700 2084 nequeunt
724 1997 903 2083 ardentque
928 1998 1062 2062 tuendo.

238 2094 365 2160 Oscula
390 2115 480 2156 nunc.
498 2094 646 2160 manibus
673 2094 778 2174 (cedit
802 2097 989 2158 reuerentia
1013 2101 1131 2172 amori)

236 2191 458 2278 Ingeminant:
485 2211 569 2257 nunc
596 2189 770 2272 (audacem
796 2193 984 2256 reverentia
1009 2209 1151 2256 amorem

237 2289 449 2375 castigante)
474 2287 546 2356 Dul
571 2305 674 2352 cunas
699 2285 832 2352 infantis
858 2285 1004 2352 adorant.
1029 2321 1032 2326 >
1113 2343 1116 2348 .
1154 2343 1155 2348 ,

324 2478 470 2566 Jamque.
487 2479 729 2567 quaterdenos
748 2479 906 2548 Phoebus
921 2487 1274 2548 xnumeraveratortns

235 2579 384 2664 Virginis
409 2598 430 2642 a
452 2577 724 2665 partusqnando
749 2577 917 2645 lustranda
942 2577 1075 2644 subibat

140 2740 144 2747 ,
236 2675 317 2738 Cum
342 2694 446 2760 puero
472 2681 614 2761 genitrix
642 2673 809 2758 Solymeei
835 2675 945 2742 limina
968 2675 1099 2759 ternpli,

234 2771 331 2834 Dona
355 2770 485 2851 ferens,
512 2777 660 2858 geminas
685 2771 811 2854 (patrio
838 2771 879 2836 de
905 2779 1013 2852 more)
1039 2772 1217 2838 columbas.

234 2867 322 2933 Ecce
347 2875 455 2932 autem
481 2866 644 2952 Superum
671 2865 844 2929 manifesto
870 2872 999 2932 numine
1023 2868 1177 2952 templum

234 2964 438 3051 Ingreditur,
465 2985 573 3052 genus
598 2961 871 3034 nonannoeane
897 2970 1059 3050 sanguine
1084 2965 1224 3036 ducens:

233 3061 432 3147 Longaevus
457 3058 608 3142 Simeon,
634 3057 726 3149 caelo
752 3060 963 3127 charissimus
990 3081 1097 3130 unns>
1304 3121 1307 3128 .

236 3158 302 3223 (lui
328 3159 391 3222 fuit
415 3158 595 3241 Isacidum,
623 3165 656 3222 et
680 3161 783 3222 nostri
803 3154 1014 3239 justissimus
1040 3161 1126 3222 aeri.
1215 3221 1218 3230 ,
1272 3177 1276 3231 1
1327 3210 1332 3228 ,

206 3285 209 3290 ¹
234 3253 328 3318 lllnm
354 3254 567 3322 famarefert
591 3262 738 3338 veterum
764 3259 941 3342 praesagia
965 3262 1074 3319 vatum

234 3350 379 3418 Assidna
405 3356 538 3418 trivisse
563 3359 888 3436 anunm-noctesque
914 3350 1051 3436 diesque
1158 3414 1162 3424 ,

232 3448 422 3514 Immensum
449 3453 553 3514 sacris
579 3450 710 3518 studiis.
762 3448 868 3534 Super
894 3453 1002 3514 omnia
1026 3444 1147 3520 doctis,
1264 3511 1268 3522 ,
1329 3485 1332 3494 ·

232 3545 409 3611 Amosidae
435 3548 556 3612 chartis
582 3555 687 3614 totum
711 3545 924 3627 incubuisse,
951 3552 1137 3632 stupentem
1205 3601 1208 3608 .

233 3642 380 3730 Virginis
405 3644 444 3709 ad
469 3652 614 3728 partum,
640 3665 735 3730 quem
762 3642 851 3708 clero
879 3649 1023 3708 carmine
1048 3652 1143 3714 vates
1173 3684 1177 3716 ς
1285 3685 1287 3693 ,

232 3739 383 3806 Eutbeus
410 3745 574 3828 exposuit.
628 3741 723 3809 Quod
749 3739 824 3806 dum
848 3746 1043 3829 contingere
1069 3739 1149 3806 nulli

233 3838 339 3903 Posse
362 3847 470 3924 putat,
496 3845 642 3907 teneram
667 3862 726 3926 pro
752 3836 888 3927 Virgine
915 3836 1026 3904 Matre
1052 3837 1194 3923 puellam

232 3932 418 4003 Substituit.
470 3935 647 4012 Sedenim
672 3935 846 4026 relegens,
873 3935 1030 4004 divinitus
1055 3934 1145 4008 illem

232 4031 373 4118 Saepius
398 4034 489 4102 eradi
515 4056 628 4107 vocem
652 4055 857 4120 rursumque,
873 4040 989 4118 reponi
