3082 4748
118 259 255 312 ili-Ul
365 281 372 296 κ
654 249 765 306 etune
781 253 838 307 ΊΠ.

198 439 341 528 Agmina
365 443 398 506 in
420 434 577 502 auxilium
603 435 733 505 Domini
757 457 938 526 properare
964 439 1114 521 violares,

197 537 242 602 Et
267 535 443 621 conjuratis
469 536 585 600 hostes
611 543 762 602 euertere
788 541 915 602 turmis.

199 633 269 701 Sed
295 635 372 700 milri
398 640 491 700 oerta
516 635 607 697 neeis
632 632 721 698 sedit
745 639 927 716 sententia,
950 641 1060 722 magni

200 731 344 816 lmperio
369 731 497 796 firmata
520 734 634 814 patris.
686 730 743 798 Sia
769 732 885 798 deinde
911 731 1058 816 loeutus,

200 829 308 916 Regia
328 827 497 895 Romuleis
522 825 664 911 nubjeeit
690 829 776 895 eolla
802 836 941 895 eatenis.

199 926 328 993 Interea
352 931 512 991 immistas
536 925 658 1009 Latiis,
685 926 873 1012 laetumque
900 927 1078 994 frementes
1179 965 1182 976 ·

198 1022 374 1110 Accipieus
396 1025 546 1090 naribos:
572 1022 647 1088 dum
671 1023 747 1090 duri
768 1025 897 1092 vineola
920 1032 1075 1110 torquent

199 1120 408 1187 Ausonidae:
435 1141 496 1185 vos
523 1144 542 1186 o
569 1121 707 1204 Patres,
734 1122 921 1210 vigilesque
949 1143 1136 1202 sacrorum,

201 1217 269 1283 Vos
296 1224 394 1284 etiam
417 1218 550 1306 indiguo
570 1216 668 1301 jurat
694 1218 865 1308 indulgere
892 1219 1024 1284 loborii'

200 1315 239 1382 Si
266 1315 351 1385 male
377 1315 454 1404 quid
480 1321 603 1398 merui,
628 1322 779 1402 quianam
806 1317 956 1383 maluae
984 1322 1113 1402 patenti

199 1412 316 1480 lnfesti
344 1421 483 1501 patriam
507 1435 571 1480 non
597 1420 770 1483 invasistis
796 1415 836 1480 ad
859 1418 980 1480 aram?

191 1508 334 1576 -Soilioet
360 1513 501 1578 obseura
525 1511 645 1578 melius
672 1513 733 1578 nub
761 1522 856 1578 noete
880 1518 1039 1599 geruntur

201 1609 296 1674 (luae
321 1607 429 1674 lucem
453 1609 596 1697 fugiunt.
648 1609 781 1676 lnferno
808 1611 889 1676 haec
917 1629 998 1695 apra
1023 1617 1167 1694 tyranno-

199 1707 376 1792 Tempora,
403 1713 458 1792 qui
485 1728 556 1772 mea
579 1711 782 1792 praecipites
808 1713 839 1772 in
864 1708 983 1772 funera
1008 1712 1106 1794 cogit.
1145 1739 1150 1746 -

201 1802 298 1868 ssuod
322 1809 411 1870 uotis
433 1809 594 1892 optastis,
622 1804 734 1870 adest:
761 1805 903 1895 religate
930 1811 1076 1889 eatenis,

200 1899 337 1982 Tollite,
363 1901 469 1984 ferte,
496 1909 559 1968 rnei
581 1908 659 1968 aitis
686 1911 740 1968 est
766 1909 797 1970 si
824 1912 916 1969 tanta
941 1907 1087 1967 eruorisr

204 1994 248 2059 At
270 2002 371 2061 sinite
398 2001 557 2080 intactos,
583 2019 635 2062 me
661 2004 787 2080 vineto,
814 1999 995 2063 abscedere
1022 2003 1156 2062 amieos.

302 2185 456 2250 Dixerat:
477 2192 512 2249 at
536 2185 634 2250 furiis
661 2192 744 2266 aeti,
772 2191 906 2271 votique
929 2194 1084 2270 potentes

203 2281 365 2348 insultant
387 2301 562 2367 procerem
589 2287 677 2348 etsi
703 2284 789 2368 quod
815 2303 933 2351 numen
959 2289 991 2347 in
1018 2289 1092 2366 ipso
1118 2289 1187 2346 est:

202 2377 269 2444 Aut
293 2384 323 2444 si
351 2399 446 2464 quam
470 2376 602 2466 magioa
627 2386 742 2462 eaptus
767 2387 860 2465 spem
886 2387 987 2464 ponat
1010 2387 1043 2445 io
1069 2388 1158 2463 arte,

202 2475 365 2562 Rumpere
391 2474 499 2540 vincla
519 2477 654 2560 jubent,
682 2476 872 2563 mediosque
898 2483 989 2543 exire
1015 2497 1075 2561 per
1099 2497 1211 2544 enses.

203 2571 232 2636 0
257 2575 311 2638 ubi
338 2594 423 2639 nuuo
449 2581 544 2659 puter
568 2573 626 2638 ille
652 2574 766 2658 Deus,
793 2597 853 2664 eur·
877 2574 1012 2640 fulmina
1036 2581 1113 2638 nato

201 2669 372 2759 Denegat,
394 2670 508 2736 hostili
534 2676 662 2757 patiens
686 2673 901 2739 suenumbere
926 2672 1090 2738 dextrae?

300 2861 385 2928 fluis
410 2861 537 2928 cladem
563 2863 725 2928 infaustae
753 2870 874 2944 nortis,
900 2870 975 2948 quis
1000 2863 1134 2930 erimina
1159 2865 1257 2930 fando

202 2957 371 3042 Explicet,
398 2966 629 3047 ingentemque
655 2959 741 3044 poli,
767 2969 941 3046 terraeque
967 2960 1139 3028 laborem?

203 3055 340 3122 (luendo
368 3063 472 3122 omnis
496 3065 592 3140 capto
616 3077 725 3124 rerum
749 3066 865 3123 natura
889 3063 1019 3144 parenti
1124 3073 1132 3098 ‘

202 3153 383 3240 ingemuit,
410 3175 530 3242 magno
555 3154 669 3220 suelus
694 3156 865 3242 indignata
889 3156 1037 3222 tumultu.

202 3251 279 3336 lpsa
302 3257 402 3316 etiam
427 3250 590 3319 scelerum
617 3259 744 3336 nutrix,
770 3262 974 3340 cognataque
1001 3254 1068 3318 Diti

203 3347 339 3414 Horruit
363 3348 403 3414 ad
426 3349 552 3415 facinus
580 3371 662 3415 uox:
690 3372 786 3416 ourru
805 3351 890 3417 luua
914 3351 1049 3416 reducto

203 3443 406 3514 Stelliferum
433 3451 537 3532 pineis
561 3447 727 3512 damnavit
751 3449 893 3515 nubibus
917 3450 1040 3514 urbem.

202 3540 276 3608 Nou
302 3543 409 3608 undae
434 3563 598 3629 posuere,
623 3565 683 3610 neo
708 3545 924 3631 implacabilis
949 3551 1000 3612 ira

202 3639 377 3728 Frangitur
402 3638 544 3726 Ooeaui3
570 3642 737 3707 sedenim
765 3663 977 3729 perrumpere
1004 3649 1107 3710 cenat

202 3737 381 3822 Impositos
408 3737 483 3802 elin
510 3745 634 3818 motos,
661 3739 813 3827 aliudque
841 3746 980 3806 minatur

203 3836 378 3902 Diluvium.
430 3837 548 3901 lnsauo
573 3834 674 3902 tellus
699 3837 840 3924 impulsa
866 3838 1001 3926 fragore

203 3933 411 4016 concutitur,
433 3950 554 4022 magno
580 3939 712 4000 misceri
736 3957 901 4003 murmure
922 3936 1053 4002 eaelum

203 4029 337 4116 luoipit:
363 4040 398 4096 et
423 4033 547 4098 nimbos
572 4032 782 4120 glomerans,
807 4033 974 4121 Cyelopea‘
997 4033 1065 4098 tela

202 4126 367 4212 Parturit3
393 4127 529 4196 ultrioes
555 4130 671 4196 ardent
696 4151 868 4218 erumpere
892 4131 1048 4196 flammae.
