3082 4748
113 219 246 270 tas-art
662 211 770 270 Libba
792 213 824 266 V.

197 401 360 475 Caesare)
388 403 708 485 compositis-regna
734 405 890 482 exoptata
917 403 1040 466 revisit.

199 498 242 564 Ut
266 502 401 582 primum
428 494 581 563 Heroden
608 497 728 583 pelago
751 496 891 562 rediisse
917 516 1068 561 remenso

197 595 345 678 Accipit,
372 598 512 659 invisum
539 592 656 679 conjux
683 593 832 658 malefida
857 599 1007 660 maritum

198 693 336 759 Talibus
361 690 571 779 aggreditur:
599 702 707 757 terrae
733 691 912 778 pelagique
937 689 1077 777 periclis

197 791 402 872 Defunctus,
429 794 554 872 patrias
578 790 676 858 rediit
702 805 879 875 germanus
906 788 946 852 ad
972 807 1061 853 oras.

199 886 526 968 Gratemurreduci,
555 886 673 972 conjux
700 887 910 966 charissime,
937 886 1032 950 fratri

197 984 238 1049 Et
264 983 383 1049 devota
409 983 487 1049 olim
513 985 658 1052 dessaeo
683 1005 818 1052 inuuere
843 981 964 1066 templo

196 1080 380 1148 Solvamus.
432 1081 529 1150 (duod
561 1087 591 1147 si
617 1087 740 1147 nostris
766 1086 930 1147 contraria
955 1084 1042 1145 votis

195 1181 243 1246 'l'e
270 1179 382 1266 populi
410 1187 501 1244 vetet
525 1186 574 1246 ire
601 1185 648 1244 tui
671 1181 859 1265 justissima
886 1197 982 1260 cura,

197 1278 234 1342 Si
261 1283 413 1363 quamsi
440 1275 493 1342 vel
522 1282 551 1342 si
578 1297 643 1363 qna
670 1283 719 1343 tui
745 1284 778 1340 te
804 1281 911 1363 gratia
936 1279 1042 1362 tangit
1067 1296 1070 1304 ’

197 1375 367 1458 Germani,
392 1395 454 1440 sua
479 1395 539 1440 uos
565 1379 665 1442 totica
692 1380 724 1438 in
752 1393 854 1460 regna
881 1379 1045 1453 vocantis,

196 1471 253 1538 ltlc
278 1471 394 1538 saltem
420 1477 467 1538 ire
493 1477 583 1542 sluaa
609 1478 800 1556 patriasque
826 1474 973 1537 revisere
999 1468 1106 1536 sedes.

248 1729 254 1734 .
295 1667 449 1732 Dixerat:
475 1667 534 1732 ille
555 1675 666 1734 ‘moras
692 1667 810 1749 nectit,
839 1683 1023 1750 causasque
1049 1665 1195 1733 morandi

195 1764 293 1830 Nunc
316 1764 397 1848 bas,
426 1765 622 1834 roncalias
649 1770 743 1831 texit.
796 1763 916 1830 Verum
942 1764 1091 1846 improba
1118 1762 1227 1850 pellex

196 1861 368 1950 Indignata
393 1883 503 1928 moras
530 1885 644 1930 omnes
671 1861 843 1947 oculisque
872 1881 1046 1946 pererrans

197 1960 339 2025 infensis
365 1967 586 2026 cunctantem:
614 1965 753 2026 etiamne
779 1959 918 2045 negabis
945 1964 1065 2025 amanti

199 2057 362 2143 Exiguum
386 2057 450 2122 hoc
473 2057 568 2122 fratri
595 2080 711 2122 mutius
738 2056 888 2142 dulcique
914 2060 1049 2124 sororii)

199 2152 275 2235 Ibo,
300 2153 374 2234 ibo,
393 2172 462 2226 ,neo
488 2173 539 2218 me
566 2153 666 2219 ullius
693 2159 880 2220 reverentia
905 2159 1021 2236 sistet,
1061 2195 1065 2202 -

199 2250 274 2316 Nec
298 2249 439 2318 famulae
466 2256 498 2314 in
524 2272 646 2320 morem
673 2258 781 2340 patiar
808 2257 926 2338 regina
946 2256 1060 2320 tenen.
1148 2313 1151 2320 .

297 2446 404 2511 Dixit:
431 2455 465 2512 ct
490 2467 531 2511 ex
557 2448 665 2514 oculis
689 2454 825 2516 incensa
850 2453 959 2535 erupit
984 2439 1130 2536 opesque

196 2542 351 2626 Dotales,
378 2544 488 2610 nitidis
515 2545 649 2614 baccata
678 2547 814 2613 monilia
839 2552 996 2635 gemmis,

196 2638 317 2704 illusas
343 2649 434 2706 ostro
460 2651 574 2710 vestes
600 2661 746 2730 auroque
772 2651 921 2732 rigentes

196 2735 318 2822 Seligit
341 2744 376 2800 et
401 2737 535 2824 dignum
561 2759 684 2822 sponsu
709 2741 846 2805 meliore
871 2747 1023 2806 maritum

196 2831 390 2900 Abscedens
415 2834 547 2918 spoliat
599 2835 711 2900 Rebus
737 2843 807 2903 tum
833 2835 949 2903 deinde
976 2839 1115 2920 paratis,

195 2931 274 2996 Cum
300 2930 617 3017 famulis-nataque,
643 2936 716 2996 viro
742 2930 909 2998 malesana
933 2933 1051 2999 relicto

194 3028 295 3115 Inque
321 3027 467 3094 salutato
494 3029 592 3117 sugit.
643 3027 833 3116 Importnua
859 3029 1033 3118 Philippus

196 3125 336 3210 Saepius
362 3135 516 3210 expertae
541 3127 684 3198 ducenis
702 3126 817 3215 jurgia
846 3134 973 3210 vitans,

195 3222 256 3287 Vel
283 3230 440 3288 temerata
465 3225 553 3290 tbori
580 3224 786 3291 subodoratus
811 3226 919 3292 vincla
941 3223 1090 3314 jugalis,

195 3320 313 3384 Omnia
338 3319 531 3390 dissimulat.
584 3321 652 3387 Sed
678 3329 763 3389 enim
789 3345 847 3390 rex
874 3329 993 3408 impius
1020 3329 1097 3411 igne

195 3416 326 3482 lncesto
352 3417 515 3505 flagrans,
541 3439 661 3506 inagna
686 3427 862 3487 concitante
889 3429 1038 3503 caterva,

194 3512 344 3579 Fraterni
372 3524 518 3580 extremo
543 3521 637 3603 regni
663 3519 724 3584 sub
750 3517 868 3600 limite,
895 3524 1017 3584 amicae

196 3611 366 3695 Occurrit,
394 3618 481 3699 rapit
505 3613 692 3699 amplexus,
718 3621 833 3680 :uxoria
857 3616 930 3704 figit
966 3685 972 3692 ,

195 3707 320 3773 Oscula
344 3718 379 3774 et
403 3715 436 3774 in
463 3732 591 3780 currum
617 3717 752 3780 metram
778 3721 967 3800 natamque,
998 3719 1130 3796 procaci

194 3803 267 3870 lieu
293 3809 424 3873 nimium
449 3808 788 3897 similemgenitrici,
815 3815 942 3876 invitat.
993 3809 1131 3878 Orantis

95 3915 100 3924 ·
194 3901 229 3966 ln
256 3908 419 3988 speeiem,
444 3906 564 3992 spoliis
590 3907 704 3973 fratris
729 3907 854 3981 ditatus
880 3913 1015 3994 opimis,

193 3998 355 4064 incestam
382 4023 445 4068 sua
469 4003 599 4070 deducit
623 4024 682 4089 per
706 4027 811 4094 regna
834 4027 993 4075 sororem.

195 4094 340 4183 Regales
367 4106 511 4166 ostentet
537 4122 638 4186 opes,
664 4109 812 4169 convivia
836 4124 945 4168 seram

1097 4153 1143 4268 'a
