3058 4762
645 241 756 296 alasa
778 243 849 300 xvi:

268 430 376 508 snus,
402 438 435 490 et
461 425 570 494 laetus
596 426 777 494 redivivum
803 446 952 518 agnosco,
976 441 1168 522 magistrum

319 544 390 587 sum
416 525 522 590 effusa
547 525 687 609 supplex
714 545 814 610 prece
839 549 955 594 numen
983 532 1093 598 adero.

366 643 394 686 m
421 632 575 688 avertens
602 644 701 688 rosea
728 631 857 690 cervice
883 626 1016 695 neittlsi't

433 719 548 784 oculus
575 720 726 806 fugiens,
755 721 910 792 discessit
934 730 967 790 in
994 746 1107 792 ausas.

447 839 478 880 ἰι
506 818 634 884 divinae
659 815 743 884 lucis
772 819 898 886 lionore

518 921 663 1002 agimus,
691 923 877 1003 mensisque
905 918 1050 1005 relictis,

542 1013 646 1098 lytnae
672 1033 856 1082 remeamus
883 1021 918 1082 in·
941 1018 1065 1084 unbem.

606 1209 779 1294 leaphse,
807 1208 960 1296 laetoque
984 1212 1169 1280 fremebant

656 1306 852 1373 *tractabilis
879 1329 978 1374 aures

488 1419 548 1534 Q
695 1427 726 1468 *s
750 1413 802 1468 tot
826 1406 969 1470 testibus
996 1427 1080 1472 unus

733 1525 780 1583 ιιι,
807 1502 994 1590 nullamque
1020 1505 1168 1570 daturum

653 1605 846 1686 contingere
872 1599 968 1666 detur·

545 1703 645 1760 aeris
672 1695 839 1784 clavisque
866 1707 1019 1764 cruentae

462 1815 531 1858 ¹nus.
585 1794 755 1860 Dicentem
780 1795 861 1859 talia
885 1795 1080 1866 CflalsTus

365 1912 474 1972 ussus,
501 1891 672 1979 mediaque
699 1897 818 1958 iterum
844 1893 1039 1959 manifestus
1065 1899 1095 1958 in
1121 1895 1197 1962 aula

297 1996 358 2052 cat.
408 1989 469 2054 llle
494 1990 559 2054 Dei
586 1993 753 2054 invitantis
779 2010 861 2055 voce
888 2000 1021 2056 coactus

203 2093 370 2151 ¹crtentat
394 2087 482 2150 latus
508 2088 665 2152 effossum
693 2088 883 2171 confixaque
908 2090 1062 2153 membra.

194 2182 274 2248 Nec
300 2183 427 2268 sejam
455 2191 541 2271 capit
567 2189 657 2268 ipse,
684 2185 742 2250 sed
768 2184 897 2250 undanti
925 2183 1037 2250 ebrius
1064 2197 1159 2254 aestu
1252 2245 1254 2250 .

194 2281 362 2346 Laetitiae
388 2290 422 2348 et
448 2288 529 2346 mira
551 2281 669 2346 dctuini
698 2287 820 2366 pietate
844 2284 1022 2350 subactus:

195 2380 229 2443 0
255 2379 376 2447 Deus!
404 2404 422 2442 ο
448 2380 605 2446 Domine!
633 2381 812 2464 exclamat3
841 2379 937 2446 datur
965 2390 1151 2466 eranceri,

196 2477 391 2559 CHRtSTE,
418 2486 475 2544 tua
502 2487 536 2543 et
561 2477 657 2544 lateri
683 2478 792 2544 divine
818 2479 1014 2566 immergere
1039 2481 1184 2548 dextram

196 2574 242 2638 Et
267 2575 462 2660 desperatas
490 2575 602 2640 audine
628 2583 661 2640 et
686 2577 823 2642 reddere
850 2577 965 2642 voces!

196 2671 288 2736 llaec
314 2673 533 2739 effundentem
561 2672 647 2737 dulci
672 2680 815 2760 castigat
840 2694 956 2738 amore·

197 2769 430 2857 Omnipotens:
457 2775 560 2835 sociis
586 2778 620 2833 tu
647 2768 758 2834 durior
784 2770 934 2834 omnibus
962 2793 1065 2853 unus,

196 2868 272 2934 Non
299 2874 360 2933 nisi
388 2876 600 2953 conspectum
624 2865 731 2932 credis
758 2867 898 2932 rediisse
924 2870 1141 2956 magistrum?

196 2967 328 3032 Felices
354 2973 501 3046 nimium,
529 2965 679 3030 reducem
706 2971 800 3050 queis
827 2986 962 3032 cernere
987 2967 1198 3036 CHRlsTUM

198 3067 360 3152 Daramvis
384 3065 559 3130 abnuerint
584 3070 715 3148 superi,
742 3073 848 3130 tamen
874 3064 1005 3130 aemula
1030 3065 1104 3130 fidis

198 3163 294 3228 Alma
319 3162 402 3226 fides
429 3161 535 3226 oculis
561 3171 596 3226 et
621 3166 702 3225 tanti
730 3168 850 3226 certior·
877 3161 972 3226 iudex

199 3262 365 3348 Prodigii,
390 3260 547 3324 accendet
573 3268 698 3323 mentes
725 3266 919 3345 captivaque
947 3264 1067 3324 victrix

198 3359 338 3423 Pectora
355 3355 462 3422 divini
488 3358 626 3422 flammis
652 3355 829 3420 succendet
855 3361 986 3420 amoris.

198 3455 254 3520 Sic
280 3458 369 3522 satus
395 3477 522 3519 rursum
549 3475 589 3520 ex
616 3453 723 3520 oculis
749 3454 926 3535 abductus,
953 3459 985 3526 in
1014 3475 1114 3520 auras

197 3555 418 3640 indeprensus
444 3554 511 3618 abit
535 3551 709 3636 laetosque
738 3561 773 3616 et
799 3552 901 3617 multa
926 3560 1081 3638 parantes

199 3653 318 3719 Dicere
344 3652 493 3717 deseruit
519 3647 695 3734 clausaque
724 3656 867 3715 recessit
893 3650 933 3714 ab
961 3649 1046 3716 sula.

294 3844 445 3932 Jamque,
472 3846 525 3912 ubi
549 3850 749 3911 transierant
772 3848 914 3932 paschae
940 3845 1159 3912 solemniaci
1186 3849 1290 3908 omnis

197 3942 355 4009 lsacidum
382 3965 464 4030 gens
491 3949 618 4010 octenis
643 3943 779 4030 epulata
806 3945 939 4028 diebus,

198 4041 340 4106 Numine
364 4042 520 4124 adorato,
546 4048 672 4128 patrias
699 4042 865 4108 celerabat
893 4049 923 4107 in
952 4040 1068 4116 urbes,

197 4137 263 4223 lpsi
290 4144 389 4206 etiam
416 4143 541 4225 ingenti
568 4139 691 4224 perfusi
718 4147 853 4225 pectora
876 4138 980 4204 dulcis
