<?xml version="1.0" encoding="UTF-8"?>
<!DOCTYPE html PUBLIC "-//W3C//DTD XHTML 1.0 Transitional//EN"
    "http://www.w3.org/TR/xhtml1/DTD/xhtml1-transitional.dtd">
<html xmlns="http://www.w3.org/1999/xhtml" xml:lang="en" lang="en">
 <head>
  <title>
</title>
<meta http-equiv="Content-Type" content="text/html;charset=utf-8" />
  <meta name='ocr-system' content='tesseract 3.04.00' />
  <meta name='ocr-capabilities' content='ocr_page ocr_carea ocr_par ocr_line ocrx_word'/>
</head>
<body>
  <div class='ocr_page' id='page_1' title='image "./christiadoslibr00waltgoog_0015.png"; bbox 0 0 3076 4744; ppageno 0'>
   <div class='ocr_carea' id='block_1_1' title="bbox 119 220 182 274">
    <p class='ocr_par' dir='ltr' id='par_1_1' title="bbox 119 220 182 274">
     <span class='ocr_line' id='line_1_1' title="bbox 119 220 182 274; baseline 0 -2"><span class='ocrx_word' id='word_1_1' title='bbox 119 220 182 274; x_wconf 88' lang='lat' dir='ltr'><strong>viii</strong></span> 
     </span>
    </p>
   </div>
   <div class='ocr_carea' id='block_1_2' title="bbox 118 398 1384 839">
    <p class='ocr_par' dir='ltr' id='par_1_2' title="bbox 118 398 1384 609">
     <span class='ocr_line' id='line_1_2' title="bbox 118 398 1384 490; baseline 0 -20"><span class='ocrx_word' id='word_1_2' title='bbox 118 403 214 470; x_wconf 87' lang='lat' dir='ltr'><strong>sibus</strong></span> <span class='ocrx_word' id='word_1_3' title='bbox 248 400 406 490; x_wconf 75' lang='lat' dir='ltr'><strong>anglicis,</strong></span> <span class='ocrx_word' id='word_1_4' title='bbox 447 399 532 488; x_wconf 84' lang='lat' dir='ltr'><strong>quod</strong></span> <span class='ocrx_word' id='word_1_5' title='bbox 566 407 819 486; x_wconf 77' lang='lat' dir='ltr'><strong>manuscriptum</strong></span> <span class='ocrx_word' id='word_1_6' title='bbox 856 405 886 464; x_wconf 89' lang='lat' dir='ltr'><strong>in</strong></span> <span class='ocrx_word' id='word_1_7' title='bbox 920 398 1135 468; x_wconf 81' lang='lat' dir='ltr'><strong>bibliotheca·</strong></span> <span class='ocrx_word' id='word_1_8' title='bbox 1165 407 1295 488; x_wconf 80' lang='lat' dir='ltr'><strong>nepotis</strong></span> <span class='ocrx_word' id='word_1_9' title='bbox 1330 409 1384 471; x_wconf 88' lang='lat' dir='ltr'><strong>sut</strong></span> 
     </span>
     <span class='ocr_line' id='line_1_3' title="bbox 119 520 1043 609; baseline -0.004 -22"><span class='ocrx_word' id='word_1_10' title='bbox 119 520 327 609; x_wconf 81' lang='lat' dir='ltr'><strong>Trostbergii</strong></span> <span class='ocrx_word' id='word_1_11' title='bbox 352 523 522 586; x_wconf 79' lang='lat' dir='ltr'><strong>retinetur.</strong></span> <span class='ocrx_word' id='word_1_12' title='bbox 820 583 824 590; x_wconf 84' lang='grc'><strong>,</strong></span> <span class='ocrx_word' id='word_1_13' title='bbox 1039 589 1043 599; x_wconf 63' lang='grc'>,</span> 
     </span>
    </p>

    <p class='ocr_par' dir='ltr' id='par_1_3' title="bbox 118 634 1383 839">
     <span class='ocr_line' id='line_1_4' title="bbox 224 634 1383 722; baseline -0.001 -17"><span class='ocrx_word' id='word_1_14' title='bbox 224 640 319 705; x_wconf 84' lang='lat' dir='ltr'><strong>Dum.</strong></span> <span class='ocrx_word' id='word_1_15' title='bbox 346 637 480 705; x_wconf 88' lang='lat' dir='ltr'><strong>Sebast.</strong></span> <span class='ocrx_word' id='word_1_16' title='bbox 506 635 628 720; x_wconf 82' lang='lat' dir='ltr'><strong>Mutat,</strong></span> <span class='ocrx_word' id='word_1_17' title='bbox 655 636 820 721; x_wconf 79' lang='lat' dir='ltr'><strong>Gymnarii</strong></span> <span class='ocrx_word' id='word_1_18' title='bbox 848 635 971 701; x_wconf 85' lang='lat' dir='ltr'><strong>Rectcr</strong></span> <span class='ocrx_word' id='word_1_19' title='bbox 995 656 1081 700; x_wconf 88' lang='lat' dir='ltr'><strong>nuno</strong></span> <span class='ocrx_word' id='word_1_20' title='bbox 1105 634 1263 722; x_wconf 82' lang='lat' dir='ltr'><strong>Eystadii,</strong></span> <span class='ocrx_word' id='word_1_21' title='bbox 1292 637 1383 707; x_wconf 81' lang='lat' dir='ltr'><strong>Chri·</strong></span> 
     </span>
     <span class='ocr_line' id='line_1_5' title="bbox 118 751 1306 839; baseline -0.002 -15"><span class='ocrx_word' id='word_1_22' title='bbox 118 758 216 824; x_wconf 84' lang='lat' dir='ltr'><strong>stiadi</strong></span> <span class='ocrx_word' id='word_1_23' title='bbox 242 757 407 824; x_wconf 85' lang='lat' dir='ltr'><strong>dedicavit</strong></span> <span class='ocrx_word' id='word_1_24' title='bbox 433 757 700 824; x_wconf 78' lang='lat' dir='ltr'><strong>dissertationem</strong></span> <span class='ocrx_word' id='word_1_25' title='bbox 725 757 757 818; x_wconf 90' lang='lat' dir='ltr'><strong>in</strong></span> <span class='ocrx_word' id='word_1_26' title='bbox 784 753 921 839; x_wconf 84' lang='lat' dir='ltr'><strong>Ephcm.</strong></span> <span class='ocrx_word' id='word_1_27' title='bbox 947 751 1061 836; x_wconf 85' lang='lat' dir='ltr'><strong>‚,Eos“</strong></span> <span class='ocrx_word' id='word_1_28' title='bbox 1088 775 1173 820; x_wconf 89' lang='lat' dir='ltr'><strong>anno</strong></span> <span class='ocrx_word' id='word_1_29' title='bbox 1202 758 1306 828; x_wconf 74' lang='lat'><strong>1829.</strong></span> 
     </span>
    </p>
   </div>
   <div class='ocr_carea' id='block_1_3' title="bbox 222 869 1535 962">
    <p class='ocr_par' dir='ltr' id='par_1_4' title="bbox 222 869 1535 962">
     <span class='ocr_line' id='line_1_6' title="bbox 222 869 1535 962; baseline -0.002 -20"><span class='ocrx_word' id='word_1_30' title='bbox 222 876 317 942; x_wconf 84' lang='lat' dir='ltr'><strong>Dom.</strong></span> <span class='ocrx_word' id='word_1_31' title='bbox 343 875 398 943; x_wconf 87' lang='lat' dir='ltr'><strong>Jo.</strong></span> <span class='ocrx_word' id='word_1_32' title='bbox 424 873 521 940; x_wconf 88' lang='lat' dir='ltr'><strong>Mart.</strong></span> <span class='ocrx_word' id='word_1_33' title='bbox 547 872 679 956; x_wconf 82' lang='lat' dir='ltr'><strong>Raueh,</strong></span> <span class='ocrx_word' id='word_1_34' title='bbox 712 871 891 938; x_wconf 83' lang='lat' dir='ltr'><strong>Professor</strong></span> <span class='ocrx_word' id='word_1_35' title='bbox 920 869 1017 954; x_wconf 86' lang='lat' dir='ltr'><strong>olim,</strong></span> <span class='ocrx_word' id='word_1_36' title='bbox 1050 893 1134 938; x_wconf 90' lang='lat' dir='ltr'><strong>nunc</strong></span> <span class='ocrx_word' id='word_1_37' title='bbox 1158 875 1323 962; x_wconf 80' lang='lat' dir='ltr'><strong>parochus</strong></span> <span class='ocrx_word' id='word_1_38' title='bbox 1349 881 1380 941; x_wconf 88' lang='lat' dir='ltr'><strong>iu</strong></span> <span class='ocrx_word' id='word_1_39' title='bbox 1524 909 1535 926; x_wconf 49' lang='lat' dir='ltr'><strong>a</strong></span> 
     </span>
    </p>
   </div>
   <div class='ocr_carea' id='block_1_4' title="bbox 116 989 1381 1890">
    <p class='ocr_par' dir='ltr' id='par_1_5' title="bbox 118 989 1324 1084">
     <span class='ocr_line' id='line_1_7' title="bbox 118 989 1324 1084; baseline -0.002 -23"><span class='ocrx_word' id='word_1_40' title='bbox 118 993 273 1084; x_wconf 81' lang='lat' dir='ltr'><strong>Grafing,</strong></span> <span class='ocrx_word' id='word_1_41' title='bbox 300 1014 384 1060; x_wconf 88' lang='lat' dir='ltr'><strong>anno</strong></span> <span class='ocrx_word' id='word_1_42' title='bbox 415 993 507 1058; x_wconf 82' lang='grc'>1848</span> <span class='ocrx_word' id='word_1_43' title='bbox 530 991 569 1056; x_wconf 89' lang='lat' dir='ltr'><strong>de</strong></span> <span class='ocrx_word' id='word_1_44' title='bbox 594 990 707 1056; x_wconf 85' lang='lat' dir='ltr'><strong>eadem</strong></span> <span class='ocrx_word' id='word_1_45' title='bbox 734 989 919 1056; x_wconf 76' lang='lat' dir='ltr'><strong>Christiane</strong></span> <span class='ocrx_word' id='word_1_46' title='bbox 944 989 1158 1078; x_wconf 72' lang='lat' dir='ltr'><strong>programma</strong></span> <span class='ocrx_word' id='word_1_47' title='bbox 1181 997 1324 1076; x_wconf 77' lang='lat' dir='ltr'><strong>scripsit.</strong></span> 
     </span>
    </p>

    <p class='ocr_par' dir='ltr' id='par_1_6' title="bbox 116 1107 1381 1890">
     <span class='ocr_line' id='line_1_8' title="bbox 222 1107 1380 1195; baseline -0.002 -15"><span class='ocrx_word' id='word_1_48' title='bbox 222 1113 337 1181; x_wconf 82' lang='lat' dir='ltr'><strong>Editor</strong></span> <span class='ocrx_word' id='word_1_49' title='bbox 370 1132 453 1195; x_wconf 86' lang='lat' dir='ltr'><strong>opus</strong></span> <span class='ocrx_word' id='word_1_50' title='bbox 479 1109 620 1191; x_wconf 75' lang='lat' dir='ltr'><strong>clario,</strong></span> <span class='ocrx_word' id='word_1_51' title='bbox 652 1108 800 1195; x_wconf 83' lang='lat' dir='ltr'><strong>plurimis</strong></span> <span class='ocrx_word' id='word_1_52' title='bbox 833 1107 1019 1176; x_wconf 86' lang='lat' dir='ltr'><strong>absolutum</strong></span> <span class='ocrx_word' id='word_1_53' title='bbox 1051 1114 1215 1193; x_wconf 88' lang='lat' dir='ltr'><strong>numeris,</strong></span> <span class='ocrx_word' id='word_1_54' title='bbox 1243 1115 1380 1178; x_wconf 85' lang='lat' dir='ltr'><strong>metrice</strong></span> 
     </span>
     <span class='ocr_line' id='line_1_9' title="bbox 117 1226 1379 1320; baseline -0.002 -24"><span class='ocrx_word' id='word_1_55' title='bbox 117 1232 229 1318; x_wconf 84' lang='lat' dir='ltr'><strong>linqua</strong></span> <span class='ocrx_word' id='word_1_56' title='bbox 254 1235 440 1320; x_wconf 83' lang='lat' dir='ltr'><strong>germanica</strong></span> <span class='ocrx_word' id='word_1_57' title='bbox 460 1227 604 1294; x_wconf 84' lang='lat' dir='ltr'><strong>reddidit</strong></span> <span class='ocrx_word' id='word_1_58' title='bbox 628 1236 663 1292; x_wconf 90' lang='lat' dir='ltr'><strong>et</strong></span> <span class='ocrx_word' id='word_1_59' title='bbox 685 1233 716 1293; x_wconf 92' lang='lat' dir='ltr'><strong>in</strong></span> <span class='ocrx_word' id='word_1_60' title='bbox 737 1227 843 1294; x_wconf 86' lang='lat' dir='ltr'><strong>lucem</strong></span> <span class='ocrx_word' id='word_1_61' title='bbox 866 1249 950 1293; x_wconf 85' lang='lat' dir='ltr'><strong>anno</strong></span> <span class='ocrx_word' id='word_1_62' title='bbox 974 1226 1088 1314; x_wconf 83' lang='lat' dir='ltr'><strong>elapso</strong></span> <span class='ocrx_word' id='word_1_63' title='bbox 1112 1228 1245 1313; x_wconf 80' lang='lat' dir='ltr'><strong>prodire</strong></span> <span class='ocrx_word' id='word_1_64' title='bbox 1265 1228 1379 1314; x_wconf 76' lang='lat' dir='ltr'><strong>jussit,</strong></span> 
     </span>
     <span class='ocr_line' id='line_1_10' title="bbox 116 1345 1381 1436; baseline -0.003 -20"><span class='ocrx_word' id='word_1_65' title='bbox 116 1357 216 1436; x_wconf 85' lang='lat' dir='ltr'><strong>atque</strong></span> <span class='ocrx_word' id='word_1_66' title='bbox 244 1349 331 1414; x_wconf 90' lang='lat' dir='ltr'><strong>aliud</strong></span> <span class='ocrx_word' id='word_1_67' title='bbox 365 1348 410 1414; x_wconf 90' lang='lat' dir='ltr'><strong>nii</strong></span> <span class='ocrx_word' id='word_1_68' title='bbox 445 1354 552 1434; x_wconf 86' lang='lat' dir='ltr'><strong>optat,</strong></span> <span class='ocrx_word' id='word_1_69' title='bbox 585 1367 679 1433; x_wconf 91' lang='lat' dir='ltr'><strong>qnam</strong></span> <span class='ocrx_word' id='word_1_70' title='bbox 708 1355 750 1412; x_wconf 91' lang='lat' dir='ltr'><strong>ut</strong></span> <span class='ocrx_word' id='word_1_71' title='bbox 779 1345 938 1434; x_wconf 78' lang='lat' dir='ltr'><strong>originale</strong></span> <span class='ocrx_word' id='word_1_72' title='bbox 971 1365 1076 1433; x_wconf 92' lang='lat' dir='ltr'><strong>aeque</strong></span> <span class='ocrx_word' id='word_1_73' title='bbox 1109 1367 1150 1410; x_wconf 88' lang='lat' dir='ltr'><strong>ac</strong></span> <span class='ocrx_word' id='word_1_74' title='bbox 1182 1353 1292 1432; x_wconf 21' lang='lat' dir='ltr'><strong>copia*</strong></span> <span class='ocrx_word' id='word_1_75' title='bbox 1308 1354 1381 1414; x_wconf 87' lang='lat' dir='ltr'><strong>utut</strong></span> 
     </span>
     <span class='ocr_line' id='line_1_11' title="bbox 116 1463 1380 1552; baseline -0.005 -16"><span class='ocrx_word' id='word_1_76' title='bbox 116 1468 274 1536; x_wconf 79' lang='lat' dir='ltr'><strong>mendosa</strong></span> <span class='ocrx_word' id='word_1_77' title='bbox 295 1471 441 1532; x_wconf 88' lang='lat' dir='ltr'><strong>virorum</strong></span> <span class='ocrx_word' id='word_1_78' title='bbox 460 1464 683 1552; x_wconf 87' lang='lat' dir='ltr'><strong>juvenumque</strong></span> <span class='ocrx_word' id='word_1_79' title='bbox 705 1467 855 1532; x_wconf 88' lang='lat' dir='ltr'><strong>manibus</strong></span> <span class='ocrx_word' id='word_1_80' title='bbox 880 1472 1017 1548; x_wconf 86' lang='lat' dir='ltr'><strong>teratur,</strong></span> <span class='ocrx_word' id='word_1_81' title='bbox 1043 1463 1085 1529; x_wconf 86' lang='lat' dir='ltr'><strong>ad</strong></span> <span class='ocrx_word' id='word_1_82' title='bbox 1109 1467 1288 1530; x_wconf 85' lang='lat' dir='ltr'><strong>animorum</strong></span> <span class='ocrx_word' id='word_1_83' title='bbox 1310 1485 1380 1530; x_wconf 85' lang='lat' dir='ltr'><strong>cor·-</strong></span> 
     </span>
     <span class='ocr_line' id='line_1_12' title="bbox 116 1579 1379 1673; baseline -0.005 -19"><span class='ocrx_word' id='word_1_84' title='bbox 116 1588 257 1673; x_wconf 83' lang='lat' dir='ltr'><strong>dumque</strong></span> <span class='ocrx_word' id='word_1_85' title='bbox 289 1605 462 1671; x_wconf 86' lang='lat' dir='ltr'><strong>pascuam,</strong></span> <span class='ocrx_word' id='word_1_86' title='bbox 501 1593 535 1649; x_wconf 90' lang='lat' dir='ltr'><strong>et</strong></span> <span class='ocrx_word' id='word_1_87' title='bbox 571 1584 610 1649; x_wconf 89' lang='lat' dir='ltr'><strong>ad</strong></span> <span class='ocrx_word' id='word_1_88' title='bbox 644 1585 802 1650; x_wconf 89' lang='lat' dir='ltr'><strong>honorem</strong></span> <span class='ocrx_word' id='word_1_89' title='bbox 834 1583 965 1648; x_wconf 90' lang='lat' dir='ltr'><strong>Domini</strong></span> <span class='ocrx_word' id='word_1_90' title='bbox 1001 1587 1104 1647; x_wconf 89' lang='lat' dir='ltr'><strong>nostri</strong></span> <span class='ocrx_word' id='word_1_91' title='bbox 1137 1579 1224 1648; x_wconf 87' lang='lat' dir='ltr'><strong>Jesu</strong></span> <span class='ocrx_word' id='word_1_92' title='bbox 1258 1583 1379 1648; x_wconf 82' lang='lat' dir='ltr'><strong>Christi</strong></span> 
     </span>
     <span class='ocr_line' id='line_1_13' title="bbox 117 1699 1380 1792; baseline -0.005 -20"><span class='ocrx_word' id='word_1_93' title='bbox 117 1704 280 1788; x_wconf 78' lang='lat' dir='ltr'><strong>crucifixi,</strong></span> <span class='ocrx_word' id='word_1_94' title='bbox 306 1707 363 1787; x_wconf 89' lang='lat' dir='ltr'><strong>qui</strong></span> <span class='ocrx_word' id='word_1_95' title='bbox 389 1701 430 1767; x_wconf 90' lang='lat' dir='ltr'><strong>ab</strong></span> <span class='ocrx_word' id='word_1_96' title='bbox 456 1704 606 1768; x_wconf 90' lang='lat' dir='ltr'><strong>omnibus</strong></span> <span class='ocrx_word' id='word_1_97' title='bbox 629 1707 734 1792; x_wconf 81' lang='lat' dir='ltr'><strong>magis</strong></span> <span class='ocrx_word' id='word_1_98' title='bbox 755 1707 928 1790; x_wconf 82' lang='lat' dir='ltr'><strong>magisque</strong></span> <span class='ocrx_word' id='word_1_99' title='bbox 948 1700 1115 1768; x_wconf 85' lang='lat' dir='ltr'><strong>adametur</strong></span> <span class='ocrx_word' id='word_1_100' title='bbox 1137 1709 1171 1766; x_wconf 85' lang='lat' dir='ltr'><strong>et</strong></span> <span class='ocrx_word' id='word_1_101' title='bbox 1189 1699 1380 1788; x_wconf 81' lang='lat' dir='ltr'><strong>superexal-</strong></span> 
     </span>
     <span class='ocr_line' id='line_1_14' title="bbox 116 1819 408 1890; baseline -0.014 -2"><span class='ocrx_word' id='word_1_102' title='bbox 116 1830 202 1890; x_wconf 87' lang='lat' dir='ltr'><strong>tetur</strong></span> <span class='ocrx_word' id='word_1_103' title='bbox 228 1828 260 1888; x_wconf 89' lang='lat' dir='ltr'><strong>in</strong></span> <span class='ocrx_word' id='word_1_104' title='bbox 286 1819 408 1885; x_wconf 81' lang='lat' dir='ltr'><strong>secula.</strong></span> 
     </span>
    </p>
   </div>
   <div class='ocr_carea' id='block_1_5' title="bbox 219 1978 1061 2062">
    <p class='ocr_par' dir='ltr' id='par_1_7' title="bbox 219 1978 1061 2062">
     <span class='ocr_line' id='line_1_15' title="bbox 219 1978 1061 2062; baseline -0.007 -15"><span class='ocrx_word' id='word_1_105' title='bbox 219 1978 461 2062; x_wconf 80' lang='lat' dir='ltr'><strong>Boumioin,</strong></span> <span class='ocrx_word' id='word_1_106' title='bbox 488 1980 575 2046; x_wconf 84' lang='lat' dir='ltr'><strong>testo</strong></span> <span class='ocrx_word' id='word_1_107' title='bbox 602 1979 734 2045; x_wconf 85' lang='lat' dir='ltr'><strong>exaltat.</strong></span> <span class='ocrx_word' id='word_1_108' title='bbox 761 2000 789 2044; x_wconf 86' lang='lat' dir='ltr'><strong>s.</strong></span> <span class='ocrx_word' id='word_1_109' title='bbox 817 1985 926 2046; x_wconf 85' lang='lat' dir='ltr'><strong>crucis</strong></span> <span class='ocrx_word' id='word_1_110' title='bbox 956 1978 1061 2048; x_wconf 81' lang='grc'><strong>1854.</strong></span> 
     </span>
    </p>
   </div>
   <div class='ocr_carea' id='block_1_6' title="bbox 0 0 1542 4744">
    <p class='ocr_par' dir='ltr' id='par_1_8' title="bbox 0 0 1542 4744">
     <span class='ocr_line' id='line_1_16' title="bbox 0 0 1542 4744; baseline 0 2"><span class='ocrx_word' id='word_1_111' title='bbox 0 0 1542 4744; x_wconf 95' lang='lat' dir='ltr'><strong> </strong></span> 
     </span>
    </p>
   </div>
  </div>
 </body>
</html>
