3060 4752
124 192 197 260 248

634 181 875 241 csmsrmnus

115 438 127 443 ,
209 366 429 450 coelicolam,
454 365 575 456 quibus
600 367 722 434 infensi
746 367 924 455 templique
949 375 1075 434 minam

208 465 444 553 Excidiumqnc
469 467 561 532 urbis
587 473 789 553 venturaque
814 463 884 532 lata
911 467 1077 534 cauebant.

307 659 399 725 llaec
424 667 509 728 inter
535 669 626 728 terra
651 661 786 726 insolito
813 680 976 726 concussa
1001 670 1164 742 tremore,

210 757 402 824 coelestum
427 760 615 846 impellente
640 779 753 842 manu,
781 757 944 824 radicibus
972 764 1046 826 imis

211 854 373 936 Solvitur,
403 857 781 943 horribilique-gemens
805 877 866 941 per
895 877 999 942 opaca
1024 856 1184 940 tumultu,

210 953 401 1038 Hesperen,
428 955 565 1040 anque
592 953 740 1020 inclusas
766 953 866 1020 litore
893 962 1012 1042 gentes

210 1052 373 1134 Territat‚
401 1059 528 1140 ingenti
556 1050 758 1118 confundens
785 1056 892 1116 omnia
917 1060 1017 1118 motu.

210 1148 375 1233 Impulsae
400 1150 566 1235 trepidant
590 1158 716 1230 turres,
741 1158 777 1216 et
803 1157 893 1215 tecta
917 1150 1054 1238 fragore

210 1246 364 1339 Terribili
391 1247 549 1313 convulsa
574 1256 691 1330 ruunt,
717 1263 946 1334 suspensaque
972 1255 1067 1314 vasto
1118 1291 1119 1296 κ

209 1341 347 1408 Moenia
370 1368 442 1410 curn
467 1352 576 1412 sonitu
603 1350 798 1428 praeruptae
824 1349 856 1410 in
883 1350 1011 1413 uiscera
1035 1355 1147 1411 terrae

210 1440 433 1527 Praecipitant
458 1464 585 1531 unaque
612 1442 726 1509 domos
752 1449 911 1527 civesque
938 1450 1034 1508 rnina

211 1539 403 1626 Oppressus
428 1541 600 1608 tumulant.
651 1539 768 1605 Facies
795 1541 927 1606 diversa
951 1541 1128 1618 malornm,

211 1635 279 1702 Sed
304 1631 423 1704 metus
440 1661 523 1704 uirus
553 1647 625 1703 erat
647 1637 755 1703 lucem
780 1643 915 1704 venisse
941 1659 1144 1724 supremam,

211 1737 330 1801 Omnia
353 1756 437 1823 quae
463 1745 573 1802 terrae
601 1757 620 1800 e
643 1742 770 1823 gremio
797 1735 975 1821 producta,
1002 1742 1136 1822 peracto
1187 1775 1190 1780 -

211 1833 358 1898 Naturae
385 1854 483 1899 cursu
511 1839 543 1901 in
569 1837 705 1919 primam
734 1833 886 1900 revoluta
911 1844 1080 1919 parentem

210 1929 285 1996 Non
312 1930 477 1996 exoranda
501 1931 644 1997 fatorum
668 1931 745 2018 lege
772 1939 914 2000 vocaret.

210 2027 272 2093 llic
298 2035 420 2096 tantum
445 2038 588 2096 tremere
613 2036 648 2093 et
674 2029 810 2113 pavidos
836 2034 969 2095 innoxia
992 2028 1093 2096 tellus

210 2125 344 2214 Mugitu
369 2135 517 2212 terrere3
547 2128 602 2192 bie
628 2133 724 2192 vasto
751 2128 888 2194 'Tartara
912 2127 1008 2192 hiatu

210 2222 361 2290 Pandere
386 2229 578 2311 vicinosque
607 2225 782 2309 capacibus
809 2223 989 2290 absorbere

210 2321 375 2387 Faucibus
401 2327 434 2384 in
461 2321 659 2387 Barathrum
686 2342 837 2407 campos3
864 2322 917 2386 hie
942 2321 1063 2386 cedere
1089 2328 1184 2407 opaci

209 2416 245 2482 ln
271 2438 377 2483 vacua
402 2427 495 2482 antra
519 2416 585 2482 soli
610 2425 645 2482 et
669 2437 780 2484 manes
807 2417 1007 2484 descendere
1031 2420 1072 2486 ad
1097 2425 1191 2487 imos.

213 2514 311 2578 Parte
337 2515 404 2580 alia
428 2515 541 2595 dubia,
568 2534 608 2578 aa
635 2513 785 2599 caderet,
810 2522 1029 2604 peregrinare
1054 2519 1155 2584 sedes

209 2610 345 2698 Ignotas
371 2618 517 2696 peteret,
544 2633 672 2678 rursum
698 2612 868 2701 subsedit3
895 2622 929 2679 et
953 2619 1082 2700 ipsum,

211 2710 365 2774 Parcenti
392 2731 487 2794 quem
515 2719 605 2776 mota
629 2731 725 2778 manu
751 2711 965 2800 relliquerat‚
995 2712 1080 2780 ultro

210 2807 334 2872 Insedit
359 2808 487 2872 firmata
512 2809 629 2876 locum.
681 2809 746 2875 Sed
772 2812 902 2876 turbine
929 2831 1069 2899 magno,

212 2906 354 2972 Diversa
379 2911 536 2995 regione,
564 2912 639 2974 imis
663 2928 683 2972 e
710 2907 845 2974 sedibus
870 2916 960 2992 acta,

210 3002 418 3070 Horrendum
446 3003 551 3086 dictu,
579 3011 734 3072 externos
755 3003 923 3089 jaculatur
948 3009 979 3070 in
1005 3023 1108 3092 agros

210 3101 385 3187 impositas
412 3101 512 3168 dorso
534 3112 648 3178 ¹turres
675 3109 709 3165 et
734 3109 821 3166 tecta
845 3122 907 3186 per
933 3121 1052 3186 auras,
1138 3139 1142 3146 ·

211 3199 291 3264 (lum
314 3199 445 3287 populis
470 3220 612 3284 superos
638 3199 762 3264 frustra
786 3196 1056 3284 implorantibus,
1083 3200 1153 3268 alto

212 3296 278 3362 Aut
304 3303 421 3363 montis
449 3297 522 3385 figit
547 3295 687 3379 subjecti
710 3300 744 3361 in
770 3293 929 3378 culmine,
956 3317 1060 3380 prone

211 3393 277 3459 Aut
303 3393 523 3458 circumfusae
548 3391 691 3458 detrudit
717 3398 748 3456 in
779 3411 924 3476 aequora
949 3392 1057 3460 vallis.

212 3490 301 3557 (laid
326 3489 461 3574 loquar,
489 3499 527 3554 ut
552 3489 708 3557 celebres
731 3497 767 3554 et
790 3494 900 3576 magni
927 3497 1069 3558 nominis
1094 3513 1209 3560 amnes

211 3584 390 3652 Subductis
415 3591 447 3649 in
475 3594 589 3671 operta
616 3585 680 3652 soli
707 3586 889 3670 penetral-ia
915 3592 995 3655 rivis

213 3683 328 3750 Arenti
354 3691 574 3749 terraemotus
600 3683 802 3750 damnaverit
827 3685 950 3752 alveo?

212 3781 321 3868 thue
346 3790 556 3864 erumpentes
581 3781 711 3850 diverso
735 3789 768 3848 in
795 3790 943 3872 gramine
967 3802 1067 3849 venas

212 3881 364 3946 Fontium
389 3887 423 3944 et
448 3878 584 3946 altrices
608 3880 780 3947 fluviorum
808 3887 968 3947 excirerit
994 3881 1124 3948 undas?

213 3979 325 4064 Usque
351 3977 434 4043 adeo
460 3977 621 4065 impulsae
648 3985 756 4068 magni
780 3985 830 4046 ris
858 3979 991 4044 horrida
1014 3989 1123 4046 motos

214 4075 358 4150 Mutavit
382 4085 490 4142 terrae
515 4075 653 4160 faciem,
680 4087 715 4142 ut
741 4077 866 4142 devexa
892 4077 1016 4142 refusis
