<?xml version="1.0" encoding="UTF-8"?>
<!DOCTYPE html PUBLIC "-//W3C//DTD XHTML 1.0 Transitional//EN"
    "http://www.w3.org/TR/xhtml1/DTD/xhtml1-transitional.dtd">
<html xmlns="http://www.w3.org/1999/xhtml" xml:lang="en" lang="en">
 <head>
  <title>
</title>
<meta http-equiv="Content-Type" content="text/html;charset=utf-8" />
  <meta name='ocr-system' content='tesseract 3.04.00' />
  <meta name='ocr-capabilities' content='ocr_page ocr_carea ocr_par ocr_line ocrx_word'/>
</head>
<body>
  <div class='ocr_page' id='page_1' title='image "./christiadoslibr00waltgoog_0320.png"; bbox 0 0 3060 4752; ppageno 0'>
   <div class='ocr_carea' id='block_1_1' title="bbox 133 213 868 272">
    <p class='ocr_par' dir='ltr' id='par_1_1' title="bbox 133 213 868 272">
     <span class='ocr_line' id='line_1_1' title="bbox 133 213 868 272; baseline 0 -2"><span class='ocrx_word' id='word_1_1' title='bbox 133 219 268 272; x_wconf 70' lang='lat' dir='ltr'><strong>lid-lbi</strong></span> <span class='ocrx_word' id='word_1_2' title='bbox 660 213 769 270; x_wconf 72' lang='lat' dir='ltr'><strong>blane</strong></span> <span class='ocrx_word' id='word_1_3' title='bbox 790 215 868 272; x_wconf 79' lang='lat' dir='ltr'><strong>xlii.</strong></span> 
     </span>
    </p>
   </div>
   <div class='ocr_carea' id='block_1_2' title="bbox 220 397 1280 4199">
    <p class='ocr_par' dir='ltr' id='par_1_2' title="bbox 220 397 1040 486">
     <span class='ocr_line' id='line_1_2' title="bbox 220 397 1040 486; baseline 0.005 -20"><span class='ocrx_word' id='word_1_4' title='bbox 220 401 276 466; x_wconf 89' lang='lat' dir='ltr'><strong>Sic</strong></span> <span class='ocrx_word' id='word_1_5' title='bbox 301 404 401 466; x_wconf 84' lang='lat' dir='ltr'><strong>etiam</strong></span> <span class='ocrx_word' id='word_1_6' title='bbox 425 397 552 466; x_wconf 81' lang='lat' dir='ltr'><strong>occidui</strong></span> <span class='ocrx_word' id='word_1_7' title='bbox 577 421 731 486; x_wconf 78' lang='lat' dir='ltr'><strong>supremo</strong></span> <span class='ocrx_word' id='word_1_8' title='bbox 755 399 911 486; x_wconf 81' lang='lat' dir='ltr'><strong>tempore</strong></span> <span class='ocrx_word' id='word_1_9' title='bbox 930 404 1040 470; x_wconf 90' lang='lat' dir='ltr'><strong>mundi</strong></span> 
     </span>
    </p>

    <p class='ocr_par' dir='ltr' id='par_1_3' title="bbox 220 499 1109 784">
     <span class='ocr_line' id='line_1_3' title="bbox 220 499 1109 586; baseline 0.002 -20"><span class='ocrx_word' id='word_1_10' title='bbox 220 500 365 566; x_wconf 82' lang='lat' dir='ltr'><strong>Maxima</strong></span> <span class='ocrx_word' id='word_1_11' title='bbox 391 499 615 582; x_wconf 84' lang='lat' dir='ltr'><strong>Christicolis,</strong></span> <span class='ocrx_word' id='word_1_12' title='bbox 642 501 744 565; x_wconf 91' lang='lat' dir='ltr'><strong>erebo</strong></span> <span class='ocrx_word' id='word_1_13' title='bbox 767 500 938 584; x_wconf 78' lang='lat' dir='ltr'>turbante,</span> <span class='ocrx_word' id='word_1_14' title='bbox 964 503 1109 586; x_wconf 85' lang='lat' dir='ltr'><strong>procella</strong></span> 
     </span>
     <span class='ocr_line' id='line_1_4' title="bbox 221 597 1103 685; baseline 0.005 -22"><span class='ocrx_word' id='word_1_15' title='bbox 221 597 380 663; x_wconf 80' lang='lat' dir='ltr'><strong>Omnibus</strong></span> <span class='ocrx_word' id='word_1_16' title='bbox 406 597 580 662; x_wconf 83' lang='lat' dir='ltr'>incumbet.</span> <span class='ocrx_word' id='word_1_17' title='bbox 633 598 716 664; x_wconf 88' lang='lat' dir='ltr'><strong>Nam</strong></span> <span class='ocrx_word' id='word_1_18' title='bbox 740 598 855 664; x_wconf 86' lang='lat' dir='ltr'><strong>vinulis</strong></span> <span class='ocrx_word' id='word_1_19' title='bbox 881 605 955 685; x_wconf 84' lang='lat' dir='ltr'><strong>ipse</strong></span> <span class='ocrx_word' id='word_1_20' title='bbox 981 600 1103 666; x_wconf 91' lang='lat' dir='ltr'><strong>solutis</strong></span> 
     </span>
     <span class='ocr_line' id='line_1_5' title="bbox 221 695 1078 784; baseline 0.002 -22"><span class='ocrx_word' id='word_1_21' title='bbox 221 696 453 784; x_wconf 81' lang='lat' dir='ltr'><strong>Auguigenum</strong></span> <span class='ocrx_word' id='word_1_22' title='bbox 479 695 614 778; x_wconf 82' lang='lat' dir='ltr'><strong>ductor,</strong></span> <span class='ocrx_word' id='word_1_23' title='bbox 640 697 735 768; x_wconf 84' lang='lat' dir='ltr'><strong>iuriis</strong></span> <span class='ocrx_word' id='word_1_24' title='bbox 762 701 934 782; x_wconf 84' lang='lat' dir='ltr'><strong>incensus,</strong></span> <span class='ocrx_word' id='word_1_25' title='bbox 962 703 1078 784; x_wconf 86' lang='lat' dir='ltr'><strong>opacis</strong></span> 
     </span>
    </p>

    <p class='ocr_par' dir='ltr' id='par_1_4' title="bbox 221 791 1277 1369">
     <span class='ocr_line' id='line_1_6' title="bbox 221 791 1179 880; baseline 0.001 -21"><span class='ocrx_word' id='word_1_26' title='bbox 221 793 377 877; x_wconf 82' lang='lat' dir='ltr'><strong>Erumpet</strong></span> <span class='ocrx_word' id='word_1_27' title='bbox 399 793 542 857; x_wconf 79' lang='lat' dir='ltr'>barathri</span> <span class='ocrx_word' id='word_1_28' title='bbox 568 792 724 860; x_wconf 77' lang='lat' dir='ltr'><strong>claustris</strong></span> <span class='ocrx_word' id='word_1_29' title='bbox 742 791 963 880; x_wconf 82' lang='lat' dir='ltr'><strong>juvenemque</strong></span> <span class='ocrx_word' id='word_1_30' title='bbox 990 795 1179 880; x_wconf 83' lang='lat' dir='ltr'><strong>profanum,</strong></span> 
     </span>
     <span class='ocr_line' id='line_1_7' title="bbox 221 889 1137 974; baseline 0 -16"><span class='ocrx_word' id='word_1_31' title='bbox 221 893 390 960; x_wconf 81' lang='lat' dir='ltr'><strong>Caesareo.</strong></span> <span class='ocrx_word' id='word_1_32' title='bbox 412 899 510 974; x_wconf 85' lang='lat' dir='ltr'><strong>eaput</strong></span> <span class='ocrx_word' id='word_1_33' title='bbox 535 895 695 956; x_wconf 89' lang='lat' dir='ltr'><strong>evinctum</strong></span> <span class='ocrx_word' id='word_1_34' title='bbox 723 889 922 974; x_wconf 83' lang='lat' dir='ltr'><strong>diademate,</strong></span> <span class='ocrx_word' id='word_1_35' title='bbox 951 897 981 955; x_wconf 91' lang='lat' dir='ltr'><strong>iu</strong></span> <span class='ocrx_word' id='word_1_36' title='bbox 1009 914 1137 958; x_wconf 88' lang='lat' dir='ltr'><strong>omnem</strong></span> 
     </span>
     <span class='ocr_line' id='line_1_8' title="bbox 221 987 1145 1074; baseline 0 -19"><span class='ocrx_word' id='word_1_37' title='bbox 221 987 454 1055; x_wconf 77' lang='lat' dir='ltr'><strong>Christicolum</strong></span> <span class='ocrx_word' id='word_1_38' title='bbox 480 993 617 1074; x_wconf 77' lang='lat' dir='ltr'><strong>stirpem</strong></span> <span class='ocrx_word' id='word_1_39' title='bbox 644 989 785 1074; x_wconf 84' lang='lat' dir='ltr'><strong>fideique</strong></span> <span class='ocrx_word' id='word_1_40' title='bbox 810 990 963 1056; x_wconf 82' lang='lat' dir='ltr'><strong>incendet</strong></span> <span class='ocrx_word' id='word_1_41' title='bbox 986 990 1145 1058; x_wconf 85' lang='lat' dir='ltr'><strong>alumnos.</strong></span> 
     </span>
     <span class='ocr_line' id='line_1_9' title="bbox 222 1086 1277 1171; baseline 0.001 -19"><span class='ocrx_word' id='word_1_42' title='bbox 222 1086 418 1171; x_wconf 89' lang='lat' dir='ltr'><strong>Prolapsum</strong></span> <span class='ocrx_word' id='word_1_43' title='bbox 444 1109 486 1152; x_wconf 86' lang='lat' dir='ltr'><strong>ex</strong></span> <span class='ocrx_word' id='word_1_44' title='bbox 512 1095 608 1150; x_wconf 85' lang='lat' dir='ltr'><strong>utero</strong></span> <span class='ocrx_word' id='word_1_45' title='bbox 636 1087 850 1153; x_wconf 82' lang='lat' dir='ltr'><strong>Eumenidum</strong></span> <span class='ocrx_word' id='word_1_46' title='bbox 877 1086 1065 1152; x_wconf 75' lang='lat' dir='ltr'><strong>malesuada</strong></span> <span class='ocrx_word' id='word_1_47' title='bbox 1089 1109 1240 1153; x_wconf 86' lang='lat' dir='ltr'><strong>sororum</strong></span> <span class='ocrx_word' id='word_1_48' title='bbox 1272 1109 1277 1112; x_wconf 89' lang='lat'>·</span> 
     </span>
     <span class='ocr_line' id='line_1_10' title="bbox 221 1183 1154 1268; baseline 0.001 -17"><span class='ocrx_word' id='word_1_49' title='bbox 221 1184 332 1251; x_wconf 88' lang='lat' dir='ltr'><strong>Turba</strong></span> <span class='ocrx_word' id='word_1_50' title='bbox 357 1189 433 1248; x_wconf 86' lang='lat' dir='ltr'><strong>sinu</strong></span> <span class='ocrx_word' id='word_1_51' title='bbox 458 1189 618 1268; x_wconf 78' lang='lat' dir='ltr'><strong>excipiet3</strong></span> <span class='ocrx_word' id='word_1_52' title='bbox 642 1185 733 1250; x_wconf 88' lang='lat' dir='ltr'><strong>dabit</strong></span> <span class='ocrx_word' id='word_1_53' title='bbox 758 1183 872 1249; x_wconf 88' lang='lat' dir='ltr'><strong>oscula</strong></span> <span class='ocrx_word' id='word_1_54' title='bbox 897 1183 984 1267; x_wconf 83' lang='lat' dir='ltr'><strong>dira,</strong></span> <span class='ocrx_word' id='word_1_55' title='bbox 1009 1191 1154 1252; x_wconf 89' lang='lat' dir='ltr'><strong>cruentis</strong></span> 
     </span>
     <span class='ocr_line' id='line_1_11' title="bbox 221 1282 975 1369; baseline -0.001 -22"><span class='ocrx_word' id='word_1_56' title='bbox 221 1282 387 1348; x_wconf 85' lang='lat' dir='ltr'><strong>Uberibus</strong></span> <span class='ocrx_word' id='word_1_57' title='bbox 413 1287 568 1369; x_wconf 82' lang='lat' dir='ltr'><strong>nigrique</strong></span> <span class='ocrx_word' id='word_1_58' title='bbox 594 1282 720 1348; x_wconf 83' lang='lat' dir='ltr'><strong>fovebit</strong></span> <span class='ocrx_word' id='word_1_59' title='bbox 744 1282 831 1346; x_wconf 84' lang='lat' dir='ltr'><strong>lactc</strong></span> <span class='ocrx_word' id='word_1_60' title='bbox 857 1288 975 1346; x_wconf 87' lang='lat' dir='ltr'><strong>veneni</strong></span> 
     </span>
    </p>

    <p class='ocr_par' dir='ltr' id='par_1_5' title="bbox 222 1380 1142 1464">
     <span class='ocr_line' id='line_1_12' title="bbox 222 1380 1142 1464; baseline 0.001 -19"><span class='ocrx_word' id='word_1_61' title='bbox 222 1380 264 1446; x_wconf 84' lang='lat' dir='ltr'><strong>Et</strong></span> <span class='ocrx_word' id='word_1_62' title='bbox 290 1391 392 1464; x_wconf 86' lang='lat' dir='ltr'><strong>puero</strong></span> <span class='ocrx_word' id='word_1_63' title='bbox 417 1385 449 1444; x_wconf 92' lang='lat' dir='ltr'><strong>in</strong></span> <span class='ocrx_word' id='word_1_64' title='bbox 476 1385 569 1444; x_wconf 91' lang='lat' dir='ltr'><strong>cunis</strong></span> <span class='ocrx_word' id='word_1_65' title='bbox 596 1380 761 1446; x_wconf 88' lang='lat' dir='ltr'><strong>scelerum</strong></span> <span class='ocrx_word' id='word_1_66' title='bbox 787 1380 961 1463; x_wconf 78' lang='lat' dir='ltr'><strong>inspirabit</strong></span> <span class='ocrx_word' id='word_1_67' title='bbox 987 1401 1142 1446; x_wconf 85' lang='lat' dir='ltr'><strong>amorem.</strong></span> 
     </span>
    </p>

    <p class='ocr_par' dir='ltr' id='par_1_6' title="bbox 222 1477 1096 1564">
     <span class='ocr_line' id='line_1_13' title="bbox 222 1477 1096 1564; baseline -0.001 -21"><span class='ocrx_word' id='word_1_68' title='bbox 222 1478 298 1564; x_wconf 87' lang='lat' dir='ltr'><strong>lpse</strong></span> <span class='ocrx_word' id='word_1_69' title='bbox 324 1485 432 1543; x_wconf 89' lang='lat' dir='ltr'><strong>autem</strong></span> <span class='ocrx_word' id='word_1_70' title='bbox 458 1477 604 1543; x_wconf 84' lang='lat' dir='ltr'><strong>Atraciis</strong></span> <span class='ocrx_word' id='word_1_71' title='bbox 630 1478 729 1542; x_wconf 86' lang='lat' dir='ltr'><strong>Erebi</strong></span> <span class='ocrx_word' id='word_1_72' title='bbox 756 1478 820 1542; x_wconf 80' lang='lat' dir='ltr'><strong>dux</strong></span> <span class='ocrx_word' id='word_1_73' title='bbox 846 1479 974 1542; x_wconf 82' lang='lat' dir='ltr'><strong>artibus</strong></span> <span class='ocrx_word' id='word_1_74' title='bbox 1001 1499 1096 1542; x_wconf 88' lang='lat' dir='ltr'><strong>omne</strong></span> 
     </span>
    </p>

    <p class='ocr_par' dir='ltr' id='par_1_7' title="bbox 222 1574 1279 2048">
     <span class='ocr_line' id='line_1_14' title="bbox 223 1574 1138 1651; baseline -0.001 -10"><span class='ocrx_word' id='word_1_75' title='bbox 223 1577 367 1641; x_wconf 84' lang='lat' dir='ltr'><strong>lustruet</strong></span> <span class='ocrx_word' id='word_1_76' title='bbox 393 1575 433 1638; x_wconf 87' lang='lat' dir='ltr'><strong>ad</strong></span> <span class='ocrx_word' id='word_1_77' title='bbox 460 1576 598 1640; x_wconf 86' lang='lat' dir='ltr'><strong>facinus.</strong></span> <span class='ocrx_word' id='word_1_78' title='bbox 647 1574 816 1641; x_wconf 76' lang='lat' dir='ltr'><strong>demtum</strong></span> <span class='ocrx_word' id='word_1_79' title='bbox 843 1574 1007 1651; x_wconf 86' lang='lat' dir='ltr'><strong>(mirabile</strong></span> <span class='ocrx_word' id='word_1_80' title='bbox 1033 1574 1138 1651; x_wconf 83' lang='lat' dir='ltr'><strong>dictu)</strong></span> 
     </span>
     <span class='ocr_line' id='line_1_15' title="bbox 224 1671 1138 1759; baseline -0.001 -21"><span class='ocrx_word' id='word_1_81' title='bbox 224 1675 443 1759; x_wconf 83' lang='lat' dir='ltr'><strong>Praecipitem</strong></span> <span class='ocrx_word' id='word_1_82' title='bbox 470 1675 501 1737; x_wconf 82' lang='lat' dir='ltr'><strong>in</strong></span> <span class='ocrx_word' id='word_1_83' title='bbox 530 1676 606 1738; x_wconf 85' lang='lat' dir='ltr'><strong>vitia</strong></span> <span class='ocrx_word' id='word_1_84' title='bbox 632 1693 670 1736; x_wconf 89' lang='lat' dir='ltr'><strong>ac</strong></span> <span class='ocrx_word' id='word_1_85' title='bbox 697 1671 838 1738; x_wconf 86' lang='lat' dir='ltr'><strong>infundis</strong></span> <span class='ocrx_word' id='word_1_86' title='bbox 863 1674 1010 1738; x_wconf 86' lang='lat' dir='ltr'><strong>moribus</strong></span> <span class='ocrx_word' id='word_1_87' title='bbox 1035 1695 1138 1737; x_wconf 87' lang='lat' dir='ltr'><strong>anuos</strong></span> 
     </span>
     <span class='ocr_line' id='line_1_16' title="bbox 223 1769 1112 1856; baseline -0.001 -21"><span class='ocrx_word' id='word_1_88' title='bbox 223 1771 430 1851; x_wconf 86' lang='lat' dir='ltr'><strong>Vincentem,</strong></span> <span class='ocrx_word' id='word_1_89' title='bbox 457 1775 488 1834; x_wconf 93' lang='lat' dir='ltr'><strong>in</strong></span> <span class='ocrx_word' id='word_1_90' title='bbox 515 1769 628 1856; x_wconf 81' lang='lat' dir='ltr'><strong>sylvas</strong></span> <span class='ocrx_word' id='word_1_91' title='bbox 654 1777 687 1836; x_wconf 91' lang='lat' dir='ltr'><strong>et</strong></span> <span class='ocrx_word' id='word_1_92' title='bbox 713 1770 807 1836; x_wconf 88' lang='lat' dir='ltr'><strong>devia</strong></span> <span class='ocrx_word' id='word_1_93' title='bbox 833 1769 938 1836; x_wconf 89' lang='lat' dir='ltr'><strong>lustra</strong></span> <span class='ocrx_word' id='word_1_94' title='bbox 964 1771 1112 1852; x_wconf 87' lang='lat' dir='ltr'><strong>vocabit,</strong></span> 
     </span>
     <span class='ocr_line' id='line_1_17' title="bbox 222 1869 1279 1956; baseline 0.001 -23"><span class='ocrx_word' id='word_1_95' title='bbox 222 1869 491 1952; x_wconf 67' lang='lat' dir='ltr'><strong>Nequaquam,</strong></span> <span class='ocrx_word' id='word_1_96' title='bbox 522 1885 587 1954; x_wconf 87' lang='lat' dir='ltr'><strong>qua</strong></span> <span class='ocrx_word' id='word_1_97' title='bbox 611 1873 716 1955; x_wconf 86' lang='lat' dir='ltr'><strong>stirpe</strong></span> <span class='ocrx_word' id='word_1_98' title='bbox 743 1878 853 1951; x_wconf 79' lang='lat' dir='ltr'><strong>satus,</strong></span> <span class='ocrx_word' id='word_1_99' title='bbox 885 1889 949 1952; x_wconf 89' lang='lat' dir='ltr'><strong>quo</strong></span> <span class='ocrx_word' id='word_1_100' title='bbox 978 1873 1140 1956; x_wconf 77' lang='lat' dir='ltr'><strong>sanguine</strong></span> <span class='ocrx_word' id='word_1_101' title='bbox 1166 1878 1279 1938; x_wconf 84' lang='lat' dir='ltr'><strong>cretus</strong></span> 
     </span>
     <span class='ocr_line' id='line_1_18' title="bbox 225 1964 1098 2048; baseline 0.002 -20"><span class='ocrx_word' id='word_1_102' title='bbox 225 1964 428 2048; x_wconf 80' lang='lat' dir='ltr'><strong>Explorans,</strong></span> <span class='ocrx_word' id='word_1_103' title='bbox 455 1971 565 2032; x_wconf 82' lang='lat' dir='ltr'><strong>saevis</strong></span> <span class='ocrx_word' id='word_1_104' title='bbox 590 1965 743 2030; x_wconf 88' lang='lat' dir='ltr'><strong>medium·</strong></span> <span class='ocrx_word' id='word_1_105' title='bbox 759 1987 807 2031; x_wconf 55' lang='lat' dir='ltr'><strong>se*</strong></span> <span class='ocrx_word' id='word_1_106' title='bbox 824 1965 995 2030; x_wconf 87' lang='lat' dir='ltr'><strong>fraudibus</strong></span> <span class='ocrx_word' id='word_1_107' title='bbox 1021 1966 1098 2032; x_wconf 83' lang='lat' dir='ltr'><strong>Orci</strong></span> 
     </span>
    </p>

    <p class='ocr_par' dir='ltr' id='par_1_8' title="bbox 226 2060 990 2148">
     <span class='ocr_line' id='line_1_19' title="bbox 226 2060 990 2148; baseline 0.003 -22"><span class='ocrx_word' id='word_1_108' title='bbox 226 2060 356 2144; x_wconf 90' lang='lat' dir='ltr'><strong>lnjiciat</strong></span> <span class='ocrx_word' id='word_1_109' title='bbox 381 2072 563 2148; x_wconf 86' lang='lat' dir='ltr'><strong>pereatque</strong></span> <span class='ocrx_word' id='word_1_110' title='bbox 590 2070 701 2126; x_wconf 84' lang='lat' dir='ltr'><strong>arcani</strong></span> <span class='ocrx_word' id='word_1_111' title='bbox 727 2063 840 2128; x_wconf 81' lang='lat' dir='ltr'><strong>fabula</strong></span> <span class='ocrx_word' id='word_1_112' title='bbox 865 2072 990 2146; x_wconf 88' lang='lat' dir='ltr'><strong>partus.</strong></span> 
     </span>
    </p>

    <p class='ocr_par' dir='ltr' id='par_1_9' title="bbox 227 2157 998 2249">
     <span class='ocr_line' id='line_1_20' title="bbox 227 2157 998 2249; baseline 0.001 -26"><span class='ocrx_word' id='word_1_113' title='bbox 227 2157 311 2223; x_wconf 86' lang='lat' dir='ltr'><strong>Nam</strong></span> <span class='ocrx_word' id='word_1_114' title='bbox 338 2178 419 2242; x_wconf 86' lang='lat' dir='ltr'><strong>puer</strong></span> <span class='ocrx_word' id='word_1_115' title='bbox 445 2164 565 2225; x_wconf 85' lang='lat' dir='ltr'><strong>intacto</strong></span> <span class='ocrx_word' id='word_1_116' title='bbox 590 2157 897 2249; x_wconf 33' lang='lat' dir='ltr'><strong>illibateesvirginis</strong></span> <span class='ocrx_word' id='word_1_117' title='bbox 923 2161 998 2225; x_wconf 89' lang='lat' dir='ltr'><strong>alvo</strong></span> 
     </span>
    </p>

    <p class='ocr_par' dir='ltr' id='par_1_10' title="bbox 226 2257 1194 2445">
     <span class='ocr_line' id='line_1_21' title="bbox 227 2257 1194 2346; baseline 0.003 -24"><span class='ocrx_word' id='word_1_118' title='bbox 227 2257 428 2341; x_wconf 76' lang='lat' dir='ltr'><strong>conceptum</strong></span> <span class='ocrx_word' id='word_1_119' title='bbox 454 2265 489 2320; x_wconf 92' lang='lat' dir='ltr'><strong>et</strong></span> <span class='ocrx_word' id='word_1_120' title='bbox 515 2267 661 2323; x_wconf 84' lang='lat' dir='ltr'><strong>veterum</strong></span> <span class='ocrx_word' id='word_1_121' title='bbox 687 2258 790 2346; x_wconf 81' lang='lat' dir='ltr'><strong>linget</strong></span> <span class='ocrx_word' id='word_1_122' title='bbox 816 2279 855 2324; x_wconf 88' lang='lat' dir='ltr'><strong>se</strong></span> <span class='ocrx_word' id='word_1_123' title='bbox 882 2264 1022 2325; x_wconf 85' lang='lat' dir='ltr'><strong>carmine</strong></span> <span class='ocrx_word' id='word_1_124' title='bbox 1049 2267 1158 2325; x_wconf 83' lang='lat' dir='ltr'><strong>vatum</strong></span> <span class='ocrx_word' id='word_1_125' title='bbox 1191 2293 1194 2298; x_wconf 95' lang='lat'>·</span> 
     </span>
     <span class='ocr_line' id='line_1_22' title="bbox 226 2353 1032 2445; baseline 0.005 -27"><span class='ocrx_word' id='word_1_126' title='bbox 226 2353 447 2437; x_wconf 85' lang='lat' dir='ltr'><strong>Promissum,</strong></span> <span class='ocrx_word' id='word_1_127' title='bbox 475 2354 569 2420; x_wconf 85' lang='lat' dir='ltr'><strong>coelo</strong></span> <span class='ocrx_word' id='word_1_128' title='bbox 597 2361 703 2445; x_wconf 79' lang='lat' dir='ltr'><strong>terras</strong></span> <span class='ocrx_word' id='word_1_129' title='bbox 730 2361 870 2441; x_wconf 88' lang='lat' dir='ltr'><strong>petiisse</strong></span> <span class='ocrx_word' id='word_1_130' title='bbox 889 2356 1032 2439; x_wconf 81' lang='lat' dir='ltr'><strong>relicto,</strong></span> 
     </span>
    </p>

    <p class='ocr_par' dir='ltr' id='par_1_11' title="bbox 226 2451 1200 2834">
     <span class='ocr_line' id='line_1_23' title="bbox 226 2451 1165 2542; baseline 0.002 -26"><span class='ocrx_word' id='word_1_131' title='bbox 226 2453 349 2518; x_wconf 78' lang='lat' dir='ltr'><strong>Tristia</strong></span> <span class='ocrx_word' id='word_1_132' title='bbox 374 2451 556 2518; x_wconf 88' lang='lat' dir='ltr'><strong>Thariudae</strong></span> <span class='ocrx_word' id='word_1_133' title='bbox 582 2457 790 2520; x_wconf 84' lang='lat' dir='ltr'><strong>miserantem</strong></span> <span class='ocrx_word' id='word_1_134' title='bbox 816 2453 1017 2522; x_wconf 86' lang='lat' dir='ltr'><strong>incommoda</strong></span> <span class='ocrx_word' id='word_1_135' title='bbox 1044 2461 1165 2542; x_wconf 80' lang='lat' dir='ltr'><strong>gentis.</strong></span> 
     </span>
     <span class='ocr_line' id='line_1_24' title="bbox 226 2549 1200 2639; baseline 0.005 -27"><span class='ocrx_word' id='word_1_136' title='bbox 226 2549 474 2634; x_wconf 85' lang='lat' dir='ltr'><strong>Verborumque</strong></span> <span class='ocrx_word' id='word_1_137' title='bbox 500 2551 595 2616; x_wconf 86' lang='lat' dir='ltr'><strong>fidem</strong></span> <span class='ocrx_word' id='word_1_138' title='bbox 621 2557 776 2639; x_wconf 80' lang='lat' dir='ltr'><strong>magicis,</strong></span> <span class='ocrx_word' id='word_1_139' title='bbox 803 2551 887 2618; x_wconf 90' lang='lat' dir='ltr'><strong>duce</strong></span> <span class='ocrx_word' id='word_1_140' title='bbox 912 2552 1022 2618; x_wconf 84' lang='lat' dir='ltr'><strong>fretus</strong></span> <span class='ocrx_word' id='word_1_141' title='bbox 1047 2551 1200 2633; x_wconf 80' lang='lat' dir='ltr'><strong>Averno,</strong></span> 
     </span>
     <span class='ocr_line' id='line_1_25' title="bbox 228 2645 1114 2733; baseline 0.008 -24"><span class='ocrx_word' id='word_1_142' title='bbox 228 2645 434 2710; x_wconf 78' lang='lat' dir='ltr'><strong>Carminibus</strong></span> <span class='ocrx_word' id='word_1_143' title='bbox 459 2647 608 2728; x_wconf 83' lang='lat' dir='ltr'><strong>firmans,</strong></span> <span class='ocrx_word' id='word_1_144' title='bbox 637 2649 801 2733; x_wconf 88' lang='lat' dir='ltr'><strong>pallentes</strong></span> <span class='ocrx_word' id='word_1_145' title='bbox 826 2672 989 2716; x_wconf 89' lang='lat' dir='ltr'><strong>murmure</strong></span> <span class='ocrx_word' id='word_1_146' title='bbox 1015 2671 1114 2716; x_wconf 87' lang='lat' dir='ltr'><strong>caeco</strong></span> 
     </span>
     <span class='ocr_line' id='line_1_26' title="bbox 228 2741 996 2834; baseline 0.005 -28"><span class='ocrx_word' id='word_1_147' title='bbox 228 2741 386 2827; x_wconf 88' lang='lat' dir='ltr'><strong>Depellet</strong></span> <span class='ocrx_word' id='word_1_148' title='bbox 411 2743 560 2824; x_wconf 82' lang='lat' dir='ltr'><strong>morbos,</strong></span> <span class='ocrx_word' id='word_1_149' title='bbox 587 2751 619 2808; x_wconf 93' lang='lat' dir='ltr'><strong>iu</strong></span> <span class='ocrx_word' id='word_1_150' title='bbox 647 2746 758 2810; x_wconf 88' lang='lat' dir='ltr'><strong>nubes</strong></span> <span class='ocrx_word' id='word_1_151' title='bbox 775 2751 854 2810; x_wconf 76' lang='lat' dir='ltr'><strong>aiiru</strong></span> <span class='ocrx_word' id='word_1_152' title='bbox 880 2755 996 2834; x_wconf 81' lang='lat' dir='ltr'><strong>coget,</strong></span> 
     </span>
    </p>

    <p class='ocr_par' dir='ltr' id='par_1_12' title="bbox 227 2840 957 2924">
     <span class='ocr_line' id='line_1_27' title="bbox 227 2840 957 2924; baseline 0.001 -19"><span class='ocrx_word' id='word_1_153' title='bbox 227 2840 459 2924; x_wconf 88' lang='lat' dir='ltr'><strong>lntempestivo</strong></span> <span class='ocrx_word' id='word_1_154' title='bbox 482 2842 627 2906; x_wconf 82' lang='lat' dir='ltr'><strong>turbabit</strong></span> <span class='ocrx_word' id='word_1_155' title='bbox 651 2841 786 2906; x_wconf 83' lang='lat' dir='ltr'><strong>fulmine</strong></span> <span class='ocrx_word' id='word_1_156' title='bbox 813 2851 957 2924; x_wconf 81' lang='lat' dir='ltr'><strong>urentes,</strong></span> 
     </span>
    </p>

    <p class='ocr_par' dir='ltr' id='par_1_13' title="bbox 226 2937 1101 3219">
     <span class='ocr_line' id='line_1_28' title="bbox 226 2937 1085 3024; baseline 0.001 -21"><span class='ocrx_word' id='word_1_157' title='bbox 226 2938 269 3003; x_wconf 85' lang='lat' dir='ltr'><strong>Et</strong></span> <span class='ocrx_word' id='word_1_158' title='bbox 294 2937 448 3024; x_wconf 87' lang='lat' dir='ltr'><strong>quicquid</strong></span> <span class='ocrx_word' id='word_1_159' title='bbox 474 2939 639 3004; x_wconf 85' lang='lat' dir='ltr'><strong>medica-ve</strong></span> <span class='ocrx_word' id='word_1_160' title='bbox 665 2961 761 3004; x_wconf 88' lang='lat' dir='ltr'><strong>manu</strong></span> <span class='ocrx_word' id='word_1_161' title='bbox 788 2940 917 3006; x_wconf 86' lang='lat' dir='ltr'><strong>Ditisve</strong></span> <span class='ocrx_word' id='word_1_162' title='bbox 942 2941 1085 3005; x_wconf 85' lang='lat' dir='ltr'><strong>faventis</strong></span> 
     </span>
     <span class='ocr_line' id='line_1_29' title="bbox 226 3035 1101 3123; baseline 0.001 -23"><span class='ocrx_word' id='word_1_163' title='bbox 226 3035 417 3122; x_wconf 84' lang='lat' dir='ltr'><strong>Auspiciis,</strong></span> <span class='ocrx_word' id='word_1_164' title='bbox 444 3043 577 3123; x_wconf 78' lang='lat' dir='ltr'><strong>superis</strong></span> <span class='ocrx_word' id='word_1_165' title='bbox 605 3056 672 3102; x_wconf 87' lang='lat' dir='ltr'><strong>rem</strong></span> <span class='ocrx_word' id='word_1_166' title='bbox 702 3035 999 3120; x_wconf 72' lang='lat' dir='ltr'><strong>dissimulantibus5</strong></span> <span class='ocrx_word' id='word_1_167' title='bbox 1026 3037 1101 3102; x_wconf 88' lang='lat' dir='ltr'><strong>addi</strong></span> 
     </span>
     <span class='ocr_line' id='line_1_30' title="bbox 227 3133 1051 3219; baseline 0.004 -23"><span class='ocrx_word' id='word_1_168' title='bbox 227 3133 392 3197; x_wconf 87' lang='lat' dir='ltr'><strong>Mutarive</strong></span> <span class='ocrx_word' id='word_1_169' title='bbox 416 3143 541 3217; x_wconf 87' lang='lat' dir='ltr'><strong>potest,</strong></span> <span class='ocrx_word' id='word_1_170' title='bbox 570 3134 699 3219; x_wconf 90' lang='lat' dir='ltr'><strong>populis</strong></span> <span class='ocrx_word' id='word_1_171' title='bbox 724 3136 937 3217; x_wconf 86' lang='lat' dir='ltr'><strong>mirantibus,</strong></span> <span class='ocrx_word' id='word_1_172' title='bbox 965 3134 1051 3200; x_wconf 91' lang='lat' dir='ltr'><strong>ultro</strong></span> 
     </span>
    </p>

    <p class='ocr_par' dir='ltr' id='par_1_14' title="bbox 226 3230 1279 3614">
     <span class='ocr_line' id='line_1_31' title="bbox 229 3230 1124 3321; baseline 0.004 -27"><span class='ocrx_word' id='word_1_173' title='bbox 229 3230 395 3296; x_wconf 85' lang='lat' dir='ltr'><strong>Ducendis</strong></span> <span class='ocrx_word' id='word_1_174' title='bbox 420 3237 452 3294; x_wconf 92' lang='lat' dir='ltr'><strong>in</strong></span> <span class='ocrx_word' id='word_1_175' title='bbox 478 3232 626 3298; x_wconf 88' lang='lat' dir='ltr'><strong>fraudem</strong></span> <span class='ocrx_word' id='word_1_176' title='bbox 653 3237 769 3298; x_wconf 88' lang='lat' dir='ltr'><strong>animis</strong></span> <span class='ocrx_word' id='word_1_177' title='bbox 794 3233 970 3298; x_wconf 88' lang='lat' dir='ltr'><strong>obtrudere</strong></span> <span class='ocrx_word' id='word_1_178' title='bbox 995 3243 1124 3321; x_wconf 83' lang='lat' dir='ltr'><strong>perget.</strong></span> 
     </span>
     <span class='ocr_line' id='line_1_32' title="bbox 227 3326 1112 3418; baseline 0.001 -25"><span class='ocrx_word' id='word_1_179' title='bbox 227 3326 382 3393; x_wconf 88' lang='lat' dir='ltr'><strong>Partibus</strong></span> <span class='ocrx_word' id='word_1_180' title='bbox 408 3329 687 3414; x_wconf 40' lang='lat' dir='ltr'><strong>aecedet&#39;stupidi</strong></span> <span class='ocrx_word' id='word_1_181' title='bbox 714 3331 869 3396; x_wconf 88' lang='lat' dir='ltr'><strong>mutabile</strong></span> <span class='ocrx_word' id='word_1_182' title='bbox 893 3330 984 3418; x_wconf 80' lang='lat' dir='ltr'><strong>vulgi</strong></span> <span class='ocrx_word' id='word_1_183' title='bbox 1107 3379 1112 3387; x_wconf 86' lang='lat'>.</span> 
     </span>
     <span class='ocr_line' id='line_1_33' title="bbox 226 3427 1279 3514; baseline 0.002 -22"><span class='ocrx_word' id='word_1_184' title='bbox 226 3427 399 3513; x_wconf 79' lang='lat' dir='ltr'><strong>lugentum</strong></span> <span class='ocrx_word' id='word_1_185' title='bbox 423 3435 458 3490; x_wconf 89' lang='lat' dir='ltr'><strong>et</strong></span> <span class='ocrx_word' id='word_1_186' title='bbox 483 3432 593 3511; x_wconf 90' lang='lat' dir='ltr'><strong>primi,</strong></span> <span class='ocrx_word' id='word_1_187' title='bbox 620 3429 684 3493; x_wconf 92' lang='lat' dir='ltr'><strong>beu</strong></span> <span class='ocrx_word' id='word_1_188' title='bbox 712 3434 873 3511; x_wconf 80' lang='lat' dir='ltr'><strong>miseros,</strong></span> <span class='ocrx_word' id='word_1_189' title='bbox 902 3428 1053 3494; x_wconf 81' lang='lat' dir='ltr'><strong>malefida</strong></span> <span class='ocrx_word' id='word_1_190' title='bbox 1077 3437 1279 3514; x_wconf 85' lang='lat' dir='ltr'><strong>sequentur-</strong></span> 
     </span>
     <span class='ocr_line' id='line_1_34' title="bbox 226 3523 1030 3614; baseline 0 -23"><span class='ocrx_word' id='word_1_191' title='bbox 226 3523 374 3591; x_wconf 85' lang='lat' dir='ltr'><strong>Consilia</strong></span> <span class='ocrx_word' id='word_1_192' title='bbox 398 3523 566 3606; x_wconf 72' lang='lat' dir='ltr'><strong>lacertae,</strong></span> <span class='ocrx_word' id='word_1_193' title='bbox 591 3547 675 3612; x_wconf 89' lang='lat' dir='ltr'><strong>quos</strong></span> <span class='ocrx_word' id='word_1_194' title='bbox 700 3527 779 3592; x_wconf 86' lang='lat' dir='ltr'><strong>ficto</strong></span> <span class='ocrx_word' id='word_1_195' title='bbox 804 3525 893 3614; x_wconf 82' lang='lat' dir='ltr'><strong>legis</strong></span> <span class='ocrx_word' id='word_1_196' title='bbox 918 3545 1030 3592; x_wconf 90' lang='lat' dir='ltr'><strong>amore</strong></span> 
     </span>
    </p>

    <p class='ocr_par' dir='ltr' id='par_1_15' title="bbox 226 3621 1024 3710">
     <span class='ocr_line' id='line_1_35' title="bbox 226 3621 1024 3710; baseline 0.005 -24"><span class='ocrx_word' id='word_1_197' title='bbox 226 3621 269 3686; x_wconf 84' lang='lat' dir='ltr'><strong>Et</strong></span> <span class='ocrx_word' id='word_1_198' title='bbox 294 3623 501 3688; x_wconf 87' lang='lat' dir='ltr'><strong>restaurandi</strong></span> <span class='ocrx_word' id='word_1_199' title='bbox 528 3622 635 3688; x_wconf 88' lang='lat' dir='ltr'><strong>solido</strong></span> <span class='ocrx_word' id='word_1_200' title='bbox 663 3624 703 3688; x_wconf 90' lang='lat' dir='ltr'><strong>de</strong></span> <span class='ocrx_word' id='word_1_201' title='bbox 728 3645 887 3699; x_wconf 83' lang='lat' dir='ltr'><strong>marmore</strong></span> <span class='ocrx_word' id='word_1_202' title='bbox 914 3624 1024 3710; x_wconf 88' lang='lat' dir='ltr'><strong>templi</strong></span> 
     </span>
    </p>

    <p class='ocr_par' dir='ltr' id='par_1_16' title="bbox 226 3719 1124 3906">
     <span class='ocr_line' id='line_1_36' title="bbox 226 3719 1116 3812; baseline 0.006 -30"><span class='ocrx_word' id='word_1_203' title='bbox 226 3719 412 3812; x_wconf 79' lang='lat' dir='ltr'><strong>Promissis</strong></span> <span class='ocrx_word' id='word_1_204' title='bbox 430 3719 589 3801; x_wconf 87' lang='lat' dir='ltr'><strong>muleens,</strong></span> <span class='ocrx_word' id='word_1_205' title='bbox 617 3727 728 3786; x_wconf 87' lang='lat' dir='ltr'><strong>socios</strong></span> <span class='ocrx_word' id='word_1_206' title='bbox 755 3721 928 3809; x_wconf 69' lang='lat' dir='ltr'><strong>adjunget,</strong></span> <span class='ocrx_word' id='word_1_207' title='bbox 955 3731 990 3788; x_wconf 90' lang='lat' dir='ltr'><strong>et</strong></span> <span class='ocrx_word' id='word_1_208' title='bbox 1016 3729 1116 3789; x_wconf 86' lang='lat' dir='ltr'><strong>armis</strong></span> 
     </span>
     <span class='ocr_line' id='line_1_37' title="bbox 226 3815 1124 3906; baseline 0.004 -26"><span class='ocrx_word' id='word_1_209' title='bbox 226 3815 460 3904; x_wconf 83' lang='lat' dir='ltr'><strong>Prodigiisque</strong></span> <span class='ocrx_word' id='word_1_210' title='bbox 487 3828 623 3903; x_wconf 86' lang='lat' dir='ltr'><strong>potens,</strong></span> <span class='ocrx_word' id='word_1_211' title='bbox 652 3824 752 3906; x_wconf 84' lang='lat' dir='ltr'><strong>capiti</strong></span> <span class='ocrx_word' id='word_1_212' title='bbox 778 3819 924 3886; x_wconf 83' lang='lat' dir='ltr'><strong>diadema</strong></span> <span class='ocrx_word' id='word_1_213' title='bbox 947 3822 1124 3906; x_wconf 88' lang='lat' dir='ltr'><strong>superbum</strong></span> 
     </span>
    </p>

    <p class='ocr_par' dir='ltr' id='par_1_17' title="bbox 226 3912 1103 4103">
     <span class='ocr_line' id='line_1_38' title="bbox 226 3912 1103 3999; baseline 0.003 -22"><span class='ocrx_word' id='word_1_214' title='bbox 226 3912 343 3980; x_wconf 87' lang='lat' dir='ltr'><strong>luduet</strong></span> <span class='ocrx_word' id='word_1_215' title='bbox 367 3923 466 3999; x_wconf 86' lang='lat' dir='ltr'><strong>atque</strong></span> <span class='ocrx_word' id='word_1_216' title='bbox 491 3922 607 3982; x_wconf 87' lang='lat' dir='ltr'><strong>iterum</strong></span> <span class='ocrx_word' id='word_1_217' title='bbox 634 3917 735 3984; x_wconf 87' lang='lat' dir='ltr'><strong>celsis</strong></span> <span class='ocrx_word' id='word_1_218' title='bbox 761 3918 930 3984; x_wconf 87' lang='lat' dir='ltr'><strong>Babilonis</strong></span> <span class='ocrx_word' id='word_1_219' title='bbox 957 3925 989 3984; x_wconf 91' lang='lat' dir='ltr'><strong>iu</strong></span> <span class='ocrx_word' id='word_1_220' title='bbox 1013 3925 1103 3984; x_wconf 74' lang='lat' dir='ltr'><strong>asma</strong></span> 
     </span>
     <span class='ocr_line' id='line_1_39' title="bbox 228 4010 1052 4103; baseline 0.004 -29"><span class='ocrx_word' id='word_1_221' title='bbox 228 4010 387 4076; x_wconf 84' lang='lat' dir='ltr'><strong>Turribus</strong></span> <span class='ocrx_word' id='word_1_222' title='bbox 412 4012 553 4080; x_wconf 84' lang='lat' dir='ltr'><strong>educens</strong></span> <span class='ocrx_word' id='word_1_223' title='bbox 580 4035 700 4103; x_wconf 75' lang='lat' dir='ltr'><strong>inagna</strong></span> <span class='ocrx_word' id='word_1_224' title='bbox 724 4022 755 4081; x_wconf 91' lang='lat' dir='ltr'><strong>vi</strong></span> <span class='ocrx_word' id='word_1_225' title='bbox 782 4024 904 4082; x_wconf 87' lang='lat' dir='ltr'><strong>muniet</strong></span> <span class='ocrx_word' id='word_1_226' title='bbox 929 4017 1052 4080; x_wconf 89' lang='lat' dir='ltr'><strong>urbem.</strong></span> 
     </span>
    </p>

    <p class='ocr_par' dir='ltr' id='par_1_18' title="bbox 228 4107 1280 4199">
     <span class='ocr_line' id='line_1_40' title="bbox 228 4107 1280 4199; baseline 0.016 -25"><span class='ocrx_word' id='word_1_227' title='bbox 228 4107 311 4174; x_wconf 78' lang='lat' dir='ltr'><strong>Hinc</strong></span> <span class='ocrx_word' id='word_1_228' title='bbox 335 4117 446 4194; x_wconf 82' lang='lat' dir='ltr'><strong>ortus3</strong></span> <span class='ocrx_word' id='word_1_229' title='bbox 471 4111 594 4178; x_wconf 88' lang='lat' dir='ltr'><strong>tumido</strong></span> <span class='ocrx_word' id='word_1_230' title='bbox 621 4113 718 4180; x_wconf 86' lang='lat' dir='ltr'><strong>sedes</strong></span> <span class='ocrx_word' id='word_1_231' title='bbox 745 4117 826 4182; x_wconf 85' lang='lat' dir='ltr'><strong>baec</strong></span> <span class='ocrx_word' id='word_1_232' title='bbox 847 4120 949 4199; x_wconf 85' lang='lat' dir='ltr'><strong>prima</strong></span> <span class='ocrx_word' id='word_1_233' title='bbox 970 4119 1124 4196; x_wconf 62' lang='lat' dir='ltr'><strong>tyram,</strong></span> <span class='ocrx_word' id='word_1_234' title='bbox 1202 4159 1229 4168; x_wconf 94' lang='lat'><strong>··</strong></span> <span class='ocrx_word' id='word_1_235' title='bbox 1271 4159 1280 4176; x_wconf 61' lang='grc' dir='ltr'><strong><em>ι</em></strong></span> 
     </span>
    </p>
   </div>
   <div class='ocr_carea' id='block_1_3' title="bbox 0 0 1544 4752">
    <p class='ocr_par' dir='ltr' id='par_1_19' title="bbox 0 0 1544 4752">
     <span class='ocr_line' id='line_1_41' title="bbox 0 0 1544 4752; baseline 0 0"><span class='ocrx_word' id='word_1_236' title='bbox 0 0 1544 4752; x_wconf 95' lang='lat' dir='ltr'><strong> </strong></span> 
     </span>
    </p>
   </div>
  </div>
 </body>
</html>
