3060 4752
658 229 901 284 efflrlsulanos

237 419 305 486 Aut
330 417 524 486 immortalis
551 422 666 483 mortis
692 419 905 498 senteutiam,
931 417 963 477 in
989 433 1082 478 omne

236 519 435 584 Duraturam
460 537 593 598 aevum,
619 522 774 600 poterunt
798 513 986 594 inflectere,
1012 509 1140 594 quaudo

237 615 414 704 Neglectis
441 634 596 700 superum
623 617 753 677 monitis
779 617 958 697 spretoque
984 609 1131 673 Tonante

237 714 310 779 Nec
336 717 425 778 vitiis
451 732 593 797 posuere
620 709 856 792 modum,neo
881 707 997 771 funere
1024 709 1054 770 ln
1082 711 1156 790 ipso

240 811 352 877 Dilata
378 815 411 874 in
437 829 543 874 seram
567 808 689 871 flevere
713 806 843 891 piacula
868 810 1015 869 mortem.

336 1004 514 1087 Postquam
539 997 713 1082 perlectis,
738 1020 798 1062 non
827 996 940 1063 tardae
967 1015 1098 1062 munere
1125 997 1217 1060 vocis

242 1102 308 1169 Sed
335 1099 435 1166 celeri
459 1101 577 1162 mentis
607 1103 807 1182 penetrantis
834 1100 1000 1178 acumine,
1026 1093 1136 1177 libris,

242 1202 365 1265 Cuncta
391 1201 455 1283 piis
481 1200 656 1280 pravisque
682 1194 779 1260 simul
805 1193 981 1260 manifesta
1007 1192 1183 1276 patebunt:

241 1299 396 1363 Victores
420 1291 522 1376 judex
547 1299 672 1380 ingenti
699 1313 781 1356 voce
806 1291 981 1376 (probante
1082 1331 1085 1338 ,

243 1393 412 1479 Aligerum
438 1402 535 1456 coetu
559 1400 593 1455 et
619 1390 725 1456 divum
753 1389 926 1476 plaudente
953 1395 1090 1467 corona)

223 1490 408 1571 ,Laudibus
435 1497 568 1553 ornatos
595 1494 728 1552 meritis
749 1494 780 1552 in
805 1507 908 1574 regna
930 1485 1077 1566 vocabit,
1101 1525 1105 1532 ·

240 1587 464 1672 Horribilique
490 1607 567 1652 reos
595 1590 762 1666 sententia
788 1592 819 1648 iu
844 1591 908 1648 ima
932 1581 1114 1666 profundae

241 1687 343 1751 Antra
369 1684 483 1772 Stygis
511 1691 669 1768 caecique
696 1689 792 1770 ignes
818 1681 974 1748 devolvet
1001 1678 1132 1744 Averni.

338 1879 430 1944 Hace
455 1887 548 1960 sunt,
576 1896 662 1962 quae
689 1883 793 1942 rrostri
819 1898 985 1966 praesago
1010 1879 1153 1944 carmine
1180 1881 1275 1938 vates

240 1979 394 2044 Aetheris
422 1975 525 2041 afflati
554 1975 655 2040 radiis
682 1981 853 2061 cecinere3
881 1983 1053 2062 sacrisque
1087 2007 1089 2014 >

243 2073 307 2140 Aut
332 2079 489 2160 inscripta
513 2072 606 2139 libris
632 2082 690 2138 aot
713 2078 785 2138 viva
803 2072 929 2137 tradita
954 2093 1036 2140 voce

241 2175 372 2259 Perque
396 2191 632 2236 manasserus
657 2172 821 2236 fluxerunt
846 2193 951 2256 usque
975 2176 1127 2258 nepotes.

240 2271 334 2336 Haec
361 2271 473 2334 eadem
501 2269 643 2353 Caiphae
670 2275 786 2355 partim
811 2269 964 2356 legisque
991 2271 1107 2355 peritis

242 2369 285 2432 Et
310 2369 428 2430 scribis
456 2368 627 2430 manifesta
654 2375 777 2451 patent.
829 2366 894 2430 Sed
926 2374 1063 2452 pectora
1088 2369 1190 2427 tantis

240 2462 365 2528 invidia
390 2461 501 2526 infelix
528 2462 702 2545 «odiumque
728 2468 882 2526 immersa
909 2464 1056 2527 tenebris

241 2559 407 2643 Implicat,
435 2568 471 2622 ut
496 2565 644 2644 quamvis
671 2563 863 2642 promissam
891 2581 932 2624 ex
959 2560 1095 2624 aethere
1120 2560 1228 2642 patris

242 2657 381 2722 Aeterni
410 2657 576 2738 sobolem,
603 2657 747 2722 dessaea
772 2662 878 2742 stirpe
902 2665 1068 2738 renatam,

245 2755 364 2818 Affore·
384 2776 445 2819 non
471 2755 640 2839 dubitent,
668 2763 872 2840 praesentem
899 2773 1083 2843 agnoscere
1105 2746 1194 2818 caeci

245 2851 447 2936 abnuerint,
477 2855 654 2940 verbisque
681 2853 778 2918 fidem
804 2853 967 2940 factisque
993 2859 1173 2939 negantes,

247 2949 452 3016 Abstulerint
478 2957 565 3016 tristi
590 2951 676 3035 fath
704 2951 900 3037 paribusque
926 2956 1038 3035 perosi

245 3049 432 3115 Exanimem
458 3049 593 3130 studiis,
619 3053 763 3114 excisum
792 3067 918 3135 erupe
944 3045 1156 3131 sepulchrum

245 3147 288 3210 Et
311 3168 391 3210 saxo
412 3147 641 3241 ‘obstructum
668 3145 753 3229 quod
781 3145 915 3210 bissex
942 3145 1061 3212 robore
1086 3151 1156 3208 toto

245 3244 278 3307 ln
306 3244 433 3308 facinus
459 3244 536 3308 lecti
561 3253 723 3328 nequeant
748 3243 894 3307 avellere
925 3243 1037 3324 iures,

245 3339 401 3405 Excubiis
426 3347 552 3406 munire
579 3349 712 3427 parent3
739 3362 800 3405 nec
827 3340 914 3404 furta
940 3345 1066 3424 piorum

244 3435 451 3518 Discipulum
476 3445 638 3519 metuunt,
664 3437 718 3500 his
744 3437 803 3502 sed
829 3437 986 3501 mutabile
1013 3435 1133 3524 vulgus

246 3532 426 3616 Figmentis
451 3554 569 3616 capere
597 3543 670 3599 ante
698 3534 806 3619 placet
832 3533 1034 3621 vigilumque
1060 3542 1189 3597 tuorum

247 3625 409 3693 Pollicitis
435 3636 612 3716 precioque
638 3633 735 3698 fidem
761 3653 988 3715 corrumpere,
1016 3638 1050 3696 ut
1077 3647 1187 3692 arcem
1233 3659 1237 3666 ·

248 3725 418 3790 Sideream
444 3727 608 3792 debellato
636 3735 664 3792 si
691 3729 807 3794 inurere
834 3735 939 3794 victor

248 3823 362 3904 (blood
387 3831 535 3889 metuunt
560 3831 674 3902 unum]
697 3834 846 3910 repetat,
873 3845 1005 3888 rumore
1031 3827 1166 3886 sinistro

248 3921 282 3985 ln
310 3922 463 4010 populum
489 3919 555 3985 late
581 3942 716 4005 sparso,
745 3941 936 4007 compressa
960 3917 1142 4003 stupendae

246 4017 347 4086 Fama
374 4025 421 4086 rei
448 4029 563 4093 tenues
589 4018 696 4107 lugiet
721 4037 782 4082 cea
807 4019 916 4083 fumus
943 4023 973 4080 in
1000 4037 1106 4082 auras.
