3060 4752
660 199 902 254 cuaismuos

236 387 417 475 Sanguinis
444 389 603 452 exanimis
632 383 755 450 saliens
781 407 800 450 e
826 392 961 469 pectore
987 384 1151 454 Ciiiiit‘ss

235 484 439 566 Nobilitant)
465 505 582 572 magno
608 484 792 568 penetralia
817 489 1095 550 scissa-tremore

235 585 388 651 Infernas
415 588 537 667 repetit
563 581 679 668 sedes3
706 581 890 667 blandoque
916 587 1086 668 parentem

236 682 397 767 Amplexu
423 678 587 762 mulcens,
612 679 750 764 puerilis
778 683 922 744 carceris
948 679 1080 743 umbras

237 780 385 845 Sidereis
413 797 472 862 per
498 797 602 860 opaca
627 786 743 842 natans
770 777 931 842 illuminat
956 776 1029 842 alis.

236 878 401 943 Mirantur
426 879 519 958 pueri
546 879 745 957 improvisae
770 875 855 940 lucis
882 875 1040 940 honorem

236 977 280 1040 Et
304 975 371 1039 fixo
396 977 516 1038 intuitu
542 970 685 1036 lustrant
710 972 881 1057 oculisque
907 979 1105 1056 sequuntur,
1167 1009 1170 1026 ι

238 1075 322 1141 Dum
348 1077 498 1156 spectare
525 1069 629 1135 datur.
682 1071 860 1155 Postquam
885 1075 1030 1156 vestigia
1053 1069 1160 1135 clarae

237 1168 339 1236 Nulla
364 1170 464 1256 fugae
490 1174 664 1251 superant,
688 1174 812 1252 pariter
837 1173 912 1246 sitis
938 1172 1012 1252 ipsa
1037 1168 1167 1233 videndi

237 1269 367 1350 Cessit,
395 1275 430 1330 et
456 1264 509 1328 hic
536 1262 622 1332 dulci
648 1265 778 1330 fallacis
804 1271 947 1353 imagine
976 1270 1082 1330 somni

236 1364 393 1430 Ludimur
419 1367 563 1432 immersi
589 1362 728 1450 plumi13
755 1365 814 1429 sed
842 1363 958 1428 blanda
982 1383 1108 1447 sopore

237 1461 365 1528 Eiicidit
391 1462 529 1547 abrupto
555 1460 662 1526 delusi
688 1467 815 1526 insania
842 1481 973 1527 seusus.

239 1560 368 1626 Aureus
394 1567 428 1623 ut
454 1563 571 1644 pennis
597 1567 692 1624 actus
717 1559 888 1624 velocibus
915 1558 1005 1640 ales,

236 1658 428 1724 Frendentic
453 1656 578 1742 patulis
604 1676 776 1722 excussam
803 1656 954 1723 faucibus
981 1655 1058 1720 Orci

237 1755 364 1822 Victori
391 1758 462 1841 regi
487 1753 640 1838 praedam
664 1754 869 1821 laetissimus
896 1755 1002 1819 offert.

239 1852 300 1918 llle
327 1851 516 1936 triumphati
542 1850 660 1935 spoliis
685 1852 828 1917 laetatus
858 1857 976 1937 opimis

238 1951 463 2034 Primitiicque
488 1948 605 2030 Erebi,
631 1957 771 2015 mentem
796 1949 933 2014 latronis
959 1951 1086 2012 amoeni
1184 1995 1187 2000 -

239 2049 383 2113 Luminis
411 2055 547 2131 aspectu
566 2044 711 2131 mulcet,
738 2046 890 2132 dulcique
916 2052 1102 2131 stupentem

239 2145 402 2230 Amplexu
429 2150 616 2233 stringens,
642 2145 727 2210 divis
752 2145 960 2225 mirantibus,
987 2143 1073 2208 ultro

239 2244 314 2309 Non
342 2248 524 2328 expectatio
551 2248 584 2307 in
610 2243 737 2308 coelum
763 2241 914 2308 laudibus
941 2243 1048 2308 effert

338 2436 402 2501 llic
428 2434 486 2500 ille
512 2442 585 2517 est,
613 2442 668 2520 qui
694 2435 864 2518 discipulis
891 2433 1114 2522 fugientibus,
1144 2433 1224 2498 orbe

240 2532 440 2613 insultante,
468 2537 576 2596 crucia
603 2533 763 2598 confixum
790 2537 904 2617 stipite
929 2551 1046 2596 numen
1079 2559 1082 2566 ·

241 2633 387 2718 Agnovit
413 2635 595 2717 meritoque
620 2631 727 2715 palam
752 2629 934 2695 celebravit
958 2627 1094 2695 honore.

240 2730 372 2795 lnnocui
395 2728 511 2793 famam
537 2729 656 2796 vindex
680 2728 824 2794 defendit
849 2737 1037 2813 opemque

242 2826 451 2913 Supplicibus
478 2832 573 2911 petiit
597 2828 789 2893 moribundo
815 2825 967 2911 ujudice
993 2829 1091 2888 votis.

242 2926 334 2991 llaec
357 2925 506 2989 referens
533 2926 655 2991 fontem
681 2926 810 2991 divinae
836 2925 920 2988 lucis
945 2929 979 2986 et
1003 2940 1116 2988 omues

243 3023 462 3108 Victricisque
488 3029 614 3088 animae
639 3023 887 3107 majestatisque
910 3019 1031 3084 mane

243 3121 389 3188 Delicias
416 3128 452 3185 et
478 3141 559 3206 opes
583 3127 691 3206 aperit
715 3120 895 3205 dextraque
922 3114 1159 3200 prehendeusr

343 3314 486 3401 Accipe,
512 3319 574 3397 ait,
601 3318 795 3398 meritisque
820 3318 887 3377 tuis
913 3317 1053 3396 aequata
1078 3318 1229 3398 meisque

245 3412 397 3475 Praemia
422 3417 594 3496 promissis
620 3420 655 3475 et
680 3410 807 3497 palmae
832 3415 974 3496 insignis
1002 3409 1147 3491 honore,

244 3507 446 3591 Martyribuc
473 3519 506 3573 te
526 3507 631 3596 junge
656 3514 748 3574 meis.
799 3508 1001 3598 Quocunque
1028 3507 1184 3592 triumphi

245 3604 345 3669 Fama
369 3611 451 3686 mei,
477 3627 669 3692 quocunque
696 3613 805 3672 crucis
831 3610 968 3670 victoria
993 3623 1098 3688 penna

246 3701 421 3767 Discurret
446 3723 505 3786 per
530 3710 670 3789 utroque
696 3709 780 3769 sitas
804 3703 866 3769 sub
893 3702 1024 3768 cardine
1050 3706 1167 3787 gentes

247 3799 347 3865 Orbis
372 3803 404 3862 in
431 3819 600 3864 occasum
629 3800 711 3867 haec
737 3802 852 3867 eadem
879 3807 911 3864 te
937 3819 1045 3885 penna
1069 3806 1222 3882 tuamque

248 3895 361 3962 Laude
385 3895 480 3962 iidem
505 3895 692 3983 claramque
718 3900 804 3964 feret
829 3916 889 3981 per
910 3894 1046 3962 saecula
1069 3904 1217 3962 murmur.

347 4091 408 4156 lile
436 4100 545 4160 autem
572 4091 648 4157 irinc
673 4111 791 4157 caeam
816 4111 993 4158 numerosa
1017 4089 1149 4174 piacula
1174 4093 1261 4155 vitae
