3082 4746
668 201 912 258 cnaisrrnees

241 391 271 457 A
295 391 398 480 figulo
426 391 595 474 coimunt,
622 395 798 477 peregrina
823 394 855 453 iu
884 387 1016 468 funera,
1040 385 1156 451 ironiis.
1201 407 1204 415 ·

241 489 358 557 Ferale
384 511 403 554 a
429 494 535 576 pretio
562 507 740 576 cognomen
768 485 967 552 Haceidama
992 490 1094 549 traxit

241 587 380 673 Emptus
408 603 506 673 ager,
535 592 700 673 genioque
727 585 791 649 soli
817 582 991 674 mirabilis,
1008 589 1090 646 'atro

241 685 434 772 Impositum
460 683 584 749 tumulo
614 684 689 748 sote
715 687 887 758 exoriente
915 680 1075 763 cadaver,

242 784 402 848 occiduis
428 785 519 869 prius
544 789 693 867 emergat
719 799 812 864 quam
840 778 995 843 Phoebus
1021 778 1062 841 ab
1088 777 1207 842 undis

195 929 196 934 η
242 881 405 964 Devorat,
433 880 603 962 absumpta
627 877 774 963 spolians
801 898 880 941 ossa
906 875 996 941 arida
1020 895 1128 942 earne.
1206 875 1210 880 '

241 978 285 1043 Et
311 998 412 1063 super
439 977 663 1063 haecmagua
687 975 874 1064 indigenum
899 980 931 1038 vi
957 995 1096 1058 corpora
1123 974 1164 1037 ab
1189 978 1255 1036 imo

240 1076 422 1140 Excutiens
446 1073 564 1154 fundo,
590 1078 766 1159 peregrina
791 1073 951 1138 cadavera
975 1073 1092 1154 solvit,

241 1173 397 1260 Legitimi
424 1171 541 1236 doctus
564 1170 769 1259 distinguere
797 1172 923 1236 funeris
951 1180 1054 1236 artus.
1170 1201 1172 1210 <

346 1365 391 1429 At
413 1387 477 1429 nou
504 1373 635 1451 sperata
659 1387 832 1454 procerum
858 1363 1033 1450 perculsus
1056 1362 1163 1428 Judas
1253 1385 1264 1420 n

241 1465 387 1545 Duritia,
412 1470 547 1549 primum
575 1465 651 1528 hinc
676 1464 757 1529 diris
784 1464 954 1528 conatibus
982 1482 1075 1526 omen

240 1560 364 1647 Arripit
390 1569 424 1626 et
450 1571 589 1626 mentem
616 1561 819 1648 lymphatus,
844 1566 990 1642 moenia,
1016 1560 1140 1640 iucem,
1247 1599 1252 1605 ν

240 1660 360 1726 Omnia
383 1679 486 1744 seque
511 1659 606 1746 fugit.
659 1659 759 1724 Caelo
786 1658 988 1724 descendere
1011 1657 1133 1723 fulmen

240 1759 496 1843 Tartareumque
519 1758 592 1822 solo
619 1763 710 1840 putat
734 1757 910 1822 absiliente
936 1755 1125 1820 barathrum

240 1855 276 1918 lu
301 1876 339 1919 se
363 1853 508 1936 recludi,
536 1862 635 1940 atque
662 1875 787 1926 omnem
804 1875 1023 1940 ¹consurgere*
1039 1874 1148 1918 rerum
1189 1857 1192 1865 ’
1247 1922 1251 1930 ,

240 1952 416 2035 Naturam,
443 1974 525 2035 nox,
554 1951 709 2037 proditio,
731 1958 835 2034 numi,
863 1951 997 2045 oscula,
1023 1957 1054 2016 in
1082 1951 1165 2035 ipsis

240 2050 359 2116 Omnia
383 2059 461 2114 sunt
488 2049 609 2136 oeulis3
642 2057 682 2144 et
700 2057 834 2114 conscia
859 2056 990 2115 viscera
1013 2051 1142 2136 flagris.
1176 2053 1180 2060 '

239 2148 395 2214 Assiduis
417 2147 552 2233 pulsant
576 2155 729 2234 curisque
756 2149 956 2228 insomnibus
983 2153 1103 2236 urgent

240 2245 277 2312 ln
303 2247 407 2312 furias
433 2245 599 2332 celerique
620 2245 740 2331 jubent
765 2247 1067 2312 occumberefato.

345 2437 430 2503 Nam
449 2438 526 2523 quid
545 2439 666 2525 agam?
692 2443 785 2524 primi
802 2443 945 2526 gemitus
961 2457 1117 2524 sprevere
1137 2443 1296 2518 uocantis,

240 2538 334 2602 Quos
359 2543 495 2620 propter
520 2535 640 2600 domini
666 2541 791 2616 vitam,
810 2555 927 2620 meque
954 2542 1029 2622 ipse
1056 2534 1224 2602 scelestus

241 2632 392 2714 Perdidi,
417 2632 458 2695 ab
483 2633 614 2697 infenso
641 2633 717 2718 quid
744 2633 870 2698 demum
890 2633 1002 2717 judice
1029 2653 1176 2719 sperem,
1195 2636 1222 2669 ,·

240 2729 277 2795 Si
303 2730 441 2795 sceleris
469 2736 594 2796 socium
622 2731 761 2817 Caiphae
785 2730 923 2818 projecit
948 2732 1096 2799 Judami‘

239 2828 425 2893 Tandemue
451 2829 566 2894 infelix
593 2851 677 2914 quae
703 2839 811 2896 castra
836 2830 1031 2918 reliqueris3
1056 2829 1096 2894 ad
1123 2851 1207 2916 qnos

239 2927 445 3008 Transieris,
472 2932 610 2994 cernis?
637 2928 712 3014 quid
739 2935 823 2993 enim
848 2930 907 2993 tibi
933 2933 1030 2992 triste
1054 2929 1115 2992 cub
1141 2927 1197 2992 iilo
1307 2999 1308 3004 ἵ

239 3023 395 3091 Accidit?
420 3025 483 3090 ah!
510 3047 672 3110 nunquam
697 3024 772 3108 tali,
802 3025 854 3089 vei
882 3030 1017 3090 crimine
1044 3033 1076 3090 in
1103 3031 1197 3110 ipso,

239 3123 297 3188 Me
325 3124 488 3211 Caiphae,
515 3121 604 3209 quali
632 3129 706 3207 pius
734 3123 796 3188 hac
821 3128 852 3185 in
881 3131 977 3186 nocte
1006 3130 1166 3211 magister

238 3221 407 3286 infandum
432 3223 559 3287 facinus
586 3227 797 3307 peragentem
824 3226 951 3304 aceepit
976 3240 1098 3286 amore.

238 3319 298 3383 iiie
325 3339 417 3383 reum
443 3317 530 3382 dulei
555 3317 747 3401 complexu,
777 3317 925 3384 duicibus
952 3320 1052 3384 ambit

238 3414 424 3501 Alioquiis3
450 3415 521 3480 duri
547 3421 601 3481 rix
627 3423 701 3479 acto
729 3421 861 3480 crimine
887 3425 998 3502 patres

238 3513 374 3599 Indigno
401 3533 509 3577 serum
536 3517 606 3576 risu
632 3533 791 3603 sprerere
818 3515 972 3580 dolorem.

238 3609 333 3675 Hunc
358 3617 483 3692 tamen,
515 3612 599 3674 hunc
625 3610 751 3700 Stygiis
776 3613 895 3700 diguus
922 3635 972 3677 me
994 3612 1106 3696 judice
1132 3611 1269 3677 flammis

237 3707 418 3774 Leviadum
444 3713 537 3793 potui
563 3709 657 3773 furiis
683 3717 844 3796 mortique
872 3718 1025 3777 eruentae
1208 3713 1212 3720 '

240 3806 423 3896 objicere?
449 3807 514 3870 heu
540 3809 616 3892 qnid
643 3807 749 3873 adhuc
776 3810 900 3874 eoelum
930 3817 1119 3891 terramque
1146 3809 1332 3894 gementem

239 3907 393 3972 Proditor
417 3907 589 3970 incestas?
615 3913 758 3995 gemitus
785 3907 862 3994 quid
887 3905 996 3990 perdis
1022 3908 1168 3972 inanes?

237 4003 436 4090 Ignoscetuc
462 4002 521 4068 tibi
546 4011 620 4071 nato
646 4011 804 4071 moriente
831 4008 957 4066 coactis

237 4099 376 4167 Evictus
401 4099 555 4186 iacrymis
581 4107 741 4190 genitori
768 4099 939 4186 calidoque
966 4119 1083 4165 cruore
1139 4123 1142 4131 ·
1184 4125 1187 4133 ·
