3082 4748
647 195 889 252 numantinos

226 389 386 455 Aetherei
411 385 529 451 blando
554 387 699 469 copiunt*
712 399 864 447 sermone
889 385 1040 468 magistri

225 488 419 574 Perstringi.
472 483 536 549 Ast
560 481 645 547 alios
670 479 737 544 odii
762 476 980 563 implacabilis
1006 484 1154 547 11111111
1180 507 1184 513 v
1223 527 1226 537 .

226 585 396 666 solicitat,
424 582 522 646 dietis
548 581 712 664 factisque
736 575 929 664 ingentibus
955 575 1044 641 ultro
1228 631 1232 637 .

147 726 151 745 ,
227 683 430 766 Obstrepere
455 685 631 743 incussum.
681 673 829 758 Namque
852 681 890 738 ut
912 673 1114 738 clarissimus
1138 681 1228 738 atros

165 765 170 780 ⁸
224 781 350 846 Illustri
380 783 530 865 penetrat
555 772 718 838 radiorum
744 769 856 835 sidere
881 770 985 836 nubes
1049 795 1052 802 ’

225 877 383 944 Phoebus
412 883 447 938 et
472 878 637 937 auricomo
661 867 752 932 lucet
777 867 954 933 formosior
979 887 1066 932 orez,

224 974 319 1040 Haud
345 971 442 1037 aliter
467 969 524 1034 lux
548 965 727 1046 leucidum,
753 963 1068 1049 dessaeia'proles‚
1095 1017 1098 1024 ,

151 1057 155 1068 ’
225 1072 352 1137 clarior
378 1066 518 1135 invidiae
543 1065 716 1129 discussis:
731 1062 891 1144 nubibus,
917 1068 993 1149 ipso

223 1167 403 1251 Majestate
431 1182 565 1248 operum
590 1168 624 1226 et
650 1161 822 1226 verborum
849 1159 1138 1248 pondere'iulget.

322 1357 411 1423 Ecce
437 1364 546 1422 autem
569 1356 728 1422 indociles
754 1362 879 1422 animos
905 1364 939 1436 et
962 1373 1066 1421 saxea
1091 1353 1191 1420 corda

225 1456 311 1521 Dum
337 1454 416 1521 colit
441 1455 629 1520 incumbens
656 1459 769 1540 operi,
798 1453 959 1542 fingitque
986 1455 1152 1538 trahitque

224 1552 371 1618 Funibus
397 1574 577 1639 appensum
602 1552 748 1639 perfossi
775 1571 796 1615 a
821 1551 960 1616 culmine
990 1556 1070 1616 tecti

225 1651 457 1716 Semianimem
483 1656 515 1715 11
539 1659 646 1714 strato
667 1647 824 1732 juvenem
847 1654 1022 1733 vivumque
1047 1646 1207 1727 cedant,

224 1749 402 1831 Deponunt
427 1747 482 1813 fidi
509 1751 666 1831 comites3
691 1755 800 1831 neque
825 1751 910 1810 enim
934 1751 1052 1830 optior·
1067 1743 1155 1825 ulla,

225 1844 380 1927 (fluendo
406 1846 553 1910 humeris
576 1844 712 1909 densum
735 1842 855 1932 'vulgus
880 1843 970 1909 lutus
993 1853 1088 1909 onin'e
1110 1841 1280 1928 loquentis

225 1941 402 2026 Sepserot]
429 1957 589 2008 accessus
614 1947 720 2026 patuit
743 1947 806 2006 viu.
858 1939 994 2029 Virgine
1018 1949 1117 2007 natus
1256 1945 1258 1952 '
1289 1945 1292 1953 '

227 2040 326 2126 Spem
349 2041 507 2125 juvenum
529 2039 658 2120 laudat,
683 2059 835 2126 magnum
860 2044 999 2106 miratur
1024 2057 1167 2104 amorem
1216 2067 1219 2075 ·
1249 2065 1253 2070 ’

224 2137 335 2225 Atque
361 2159 462 2228 aegro
488 2139 611 2222 (morbi
637 2141 789 2214 oausam).
811 2139 987 2202 commissa
1011 2138 1174 2223 benignus

226 2235 368 2300 Crimine
391 2237 559 2304 condonat.
610 2235 715 2321 Legis
741 2235 906 2298 liemucre
934 2238 1052 2316 periti,

225 2331 336 2415 Atque
361 2338 417 2396 uni
439 2339 606 2416 proprium
632 2331 805 2414 divumque
831 2331 1063 2412 bominumque
1087 2333 1218 2415 parenti
1312 2331 1316 2338 ’

226 2425 399 2514 Sacrilego
422 2427 598 2491 ambitione
623 2431 691 2508 peti
717 2425 924 2510 indignantur
949 2423 1116 2490 bonorem.
1207 2439 1210 2446 '

224 2521 284 2587 1111
309 2530 416 2587 eutem
442 2527 569 2588 arcanis
596 2525 771 2606 penetrans
797 2521 926 2586 11111111
951 2521 1109 2588 medullis
1161 2529 1186 2540 ”

224 2619 412 2684 Murmura:
442 2619 519 2706 quid
543 2639 643 2684 caeco
668 2625 842 2684 temeraria
866 2620 998 2685 volvitis
1020 2629 1117 2686 cestu

225 2717 372 2782 Consilia
396 2722 504 2803 ignari
529 2719 664 2782 rerum?
690 2716 766 2802 quid
792 2722 942 2803 carpitis,
968 2723 1115 2803 inquiet·

225 2812 320 2878 (duod
346 2820 439 2897 prius
465 2815 604 2880 affectae
629 2835 779 2881 curemus
804 2815 942 2880 vnlnere
968 2820 1104 2897 mentis,

224 2908 402 2977 Reddimus
428 2921 560 2995 optatae
584 2933 687 2997 quom.
703 2913 861 2999 languida
886 2913 1030 2978 membra
1053 2911 1179 2977 11111111)

225 3007 361 3073 Scilicet
385 3016 421 3072 ut
444 3009 554 3075 facilis
579 3011 674 3074 nobis
700 3019 734 3072 et
760 3017 850 3072 certa
875 3017 1046 3093 potestas,

224 3103 388 3171 lnvalidos
414 3120 572 3172 renovare
599 3113 689 3170 artus
714 3111 881 3189 vitamque
906 3105 1076 3191 fugacem:

224 3200 280 3266 Sic
306 3209 402 3268 etiam
430 3209 605 3268 immersae
631 3206 721 3266 vitiis
748 3207 900 3287 contagia
924 3206 1043 3266 mentis

224 3299 346 3364 Eluere
373 3308 407 3365 ct
430 3301 585 3387 gravibus
610 3305 738 3363 veniam
764 3299 946 3363 concedere
974 3305 1083 3364 noxia

321 3489 413 3554 11111
437 3497 501 3556 ait:
529 3500 627 3578 utque
652 3491 726 3573 illo,
753 3513 817 3576 quo
849 3499 1010 3577 temperat
1035 3501 1159 3577 omnia,
1185 3495 1276 3560 vultu

224 3585 449 3673 Languentem
477 3593 661 3676 aspiciens,
690 3591 836 3657 humeris
861 3593 1026 3674 imponere
1053 3591 1194 3674 lectum,

224 3681 266 3747 Et
291 3682 387 3768 pulso
413 3685 604 3750 incolumem
624 3685 728 3769 jussit
749 3686 907 3754 decedere
933 3689 1056 3754 morbo.
1093 3729 1096 3740 ·

224 3779 271 3846 At
295 3804 357 3846 non
384 3783 537 3848 effraenis
563 3783 750 3862 Scribarum
778 3786 912 3850 eudocia
938 3792 1040 3851 cessit
1105 3819 1107 3824 ·

224 3875 368 3946 Mirandi
394 3879 525 3968 fulgore
552 3886 664 3965 operis
687 3887 883 3970 perstricta3
910 3884 969 3948 sed
995 3889 1100 3970 ipsum
1217 3919 1230 3944 2
1261 3937 1264 3946 .
1296 3889 1300 3897 “

175 4057 179 4063 ⁴
224 3973 267 4038 Ut
291 3977 371 4043 furit
396 3983 426 4042 in
449 3977 612 4043 medicum
661 3978 797 4042 cerebro
823 3990 978 4064 peccante
1004 3983 1199 4069 phrenesis„
1313 4036 1318 4046 .

225 4069 266 4137 Et
292 4073 399 4140 cleros
424 4075 521 4143 lunae
546 4074 672 4160 radios,
699 4086 857 4165 argentea
882 4079 965 4161 tela,
