3082 4748
648 197 652 204 ’
668 225 910 280 cnnrsrnuos

244 415 391 501 Virginei
417 415 497 478 miro
515 410 584 495 jam
611 418 686 476 tunc
712 409 828 477 ardore
855 409 989 496 pudoris

243 511 375 576 Martha
399 509 579 575 tenebatur.
631 509 751 574 Castus
777 507 1004 574 crescentibus
1030 509 1124 568 aunis

242 610 354 674 Crevit
379 627 489 691 amor,
516 607 667 672 stimulos
691 625 855 690 superans
881 609 1001 670 aetatis
1026 609 1061 666 et
1087 622 1201 665 omnes
1305 617 1309 624 ’

241 705 383 772 lrridens
404 702 561 787 juvenum
586 710 725 789 questus
752 722 914 788 curasque
941 721 1123 787 procorum.

244 805 391 869 atvero
421 801 527 866 fraeni
553 805 724 886 impatiens
749 799 926 887 legumque
954 797 1108 880 Masta,

244 902 377 967 illiricis
403 904 453 962 cui
481 919 662 985 cognomen
689 896 728 960 de
754 897 899 961 turribus
928 897 1018 960 urbis

243 993 420 1085 Magdala,
446 995 557 1073 (fabor
582 1001 668 1060 enim
695 1016 755 1060 nec
781 998 910 1058 cunctis
937 1001 1017 1058 nota
1042 989 1170 1056 silendo

243 1097 475 1177 Intempestivo
502 1093 667 1162 Cuais'rt
692 1091 866 1157 benefacta
890 1091 1016 1176 pudore

242 1190 406 1256 luvolvam
431 1190 595 1267 terrebris)
623 1190 712 1254 chari
739 1189 909 1276 postlata
934 1191 1102 1275 parentis,

243 1290 345 1352 Dives
372 1309 468 1373 opum
495 1294 529 1352 et
554 1296 669 1375 gratae
696 1292 828 1352 nimium
849 1287 918 1351 sibi
945 1288 1079 1349 conscia
1104 1283 1247 1360 formae,

242 1385 350 1450 Aurea
377 1391 542 1451 vernantis
566 1384 647 1450 luxu
672 1384 869 1472 choreisque
890 1385 1048 1468 juventae

241 1482 402 1568 Tempora
428 1488 642 1568 consumpsit.
692 1481 837 1547 Furtivls
863 1481 997 1569 ignibus
1022 1477 1157 1558 ardens,

241 1579 365 1644 Urebat
385 1577 541 1662 juvenum
566 1585 710 1666 mentes3
736 1601 797 1644 nec
822 1581 909 1644 fama
933 1578 1039 1641 furori
1050 1607 1062 1660 ,κ

241 1678 314 1741 Nec
339 1676 450 1741 fratris
477 1683 616 1759 monita,
646 1687 702 1742 aut
729 1683 872 1742 intactae
898 1673 1048 1761 exempla
1073 1673 1200 1735 sororis

242 1773 438 1841 obstabant
488 1774 609 1840 Tamen
635 1779 795 1840 instamus
821 1774 1012 1858 crebrisque
1039 1773 1196 1857 rlgentem

242 1870 468 1959 Aggredimur
492 1871 663 1955 precibus,
691 1871 841 1956 lacrymis
868 1890 1023 1958 urgemus
1050 1868 1194 1942 obortis,

241 1968 285 2033 Ut
313 1968 399 2032 lama
421 1967 584 2034 celebrem
613 1976 647 2034 et
672 1969 784 2034 vultus
809 1968 998 2053 formaeque
1024 1965 1143 2029 decore

242 2065 370 2130 Siderio
398 2071 557 2154 insignem
586 2066 771 2148 Christum,
798 2065 987 2153 eloquiique
1011 2065 1157 2150 potentis

241 2163 281 2227 Vi
306 2163 482 2250 fingentem
506 2169 651 2247 animos,
677 2164 791 2229 audire
817 2172 851 2229 et
876 2182 1011 2228 cernere
1037 2178 1146 2224 coram

241 2259 422 2326 Annueret.
474 2261 540 2326 Sed
568 2267 652 2326 enim
679 2262 779 2326 veluti
807 2261 976 2345 Marpesia
1002 2265 1118 2322 cautes
1172 2290 1175 2298 ·

243 2357 468 2442 Nequidquam
494 2361 655 2442 oppositis
681 2358 793 2443 pelagi
818 2361 1006 2442 oppugnata
1032 2352 1174 2418 lurrmtis

241 2451 430 2535 Fluctibus,
458 2453 627 2518 obstructa
651 2462 750 2540 negat
776 2451 991 2518 intractabilis
1017 2469 1110 2516 aure.

242 2547 318 2614 Jam
347 2547 533 2633 desperatis
560 2554 707 2615 insanam
734 2549 885 2636 linquere
908 2549 1009 2614 rebus

243 2643 341 2709 Mens
368 2652 441 2708 erat
466 2653 499 2710 et
524 2644 636 2732 procul
663 2655 789 2712 amotas
815 2647 974 2712 secedere
998 2651 1030 2708 in
1058 2641 1169 2706 urbes.

243 2741 323 2806 Cum
349 2741 428 2806 mibi
456 2743 626 2810 consilium
650 2745 714 2810 hoc
739 2753 774 2810 et
798 2766 861 2810 non
887 2750 960 2813 sine
986 2744 1114 2806 numine
1140 2736 1249 2801 divum

243 2837 375 2920 lucidit,
402 2847 439 2904 ut
466 2839 599 2906 Christo
626 2849 792 2931 ingenium
819 2841 1030 2925 flammasque
1057 2839 1202 2912 sororis,

242 2935 482 3024 Fortunamque
507 2939 622 3006 domus
648 2946 809 3025 aperirem
837 2947 870 3004 et
895 2937 1045 3024 supplice
1073 2939 1194 3017 questu

243 3031 411 3099 Auxilium
437 3045 592 3120 peterem.
642 3036 801 3118 Accessi,
827 3037 1035 3122 genibusque
1061 3028 1195 3095 volutus

243 3127 363 3214 Oravi,
390 3137 565 3200 miseratus
590 3154 684 3218 opem
709 3141 913 3218 praestaret,
940 3131 1057 3195 ahenis

243 3226 397 3293 Solveret
423 3229 611 3312 implicitam
637 3229 734 3296 luxus
759 3250 945 3316 saevaeque
971 3228 1096 3292 Diones

244 3323 404 3389 Nexibus.
455 3324 516 3392 llle
543 3347 659 3410 manu,
687 3347 751 3411 qua
775 3335 826 3392 tot
851 3325 997 3391 miranda
1022 3326 1170 3409 peregit,
1206 3337 1209 3346 ’

243 3418 353 3506 Erigit
378 3421 512 3486 affixum
538 3431 666 3507 terrae,
693 3423 888 3510 blandisque
914 3430 1098 3511 gementem

243 3515 460 3582 Permulcens
487 3519 609 3602 oculiS,
637 3540 748 3585 curam
772 3522 855 3587 hanc
881 3521 1044 3608 deponere
1064 3514 1177 3598 jussit.

247 3612 402 3677 Protinus
428 3615 590 3701 abscedo,
619 3617 683 3684 fida
709 3639 769 3701 spe
795 3626 911 3698 nixus,
935 3624 969 3682 et
994 3634 1122 3680 omnem

243 3708 324 3775 Rem
350 3716 450 3775 tacito
478 3717 604 3781 interea
629 3714 771 3780 clausam
798 3718 859 3780 sub
885 3722 1024 3801 pectore
1048 3709 1162 3776 condo.

243 3807 472 3894 Promissique
496 3809 592 3876 fidem
620 3821 813 3897 expectans,
840 3831 965 3877 mecum
992 3813 1065 3893 ipse
1087 3805 1243 3884 revolvo,

242 3903 318 3969 eun
342 3904 469 3970 tandem
498 3907 692 3980 CHRISTUS
718 3915 844 3976 ratione
870 3915 926 3973 aut
948 3914 1020 3972 arte
1047 3904 1190 3970 sulutem

242 3999 406 4068 Redderet
434 4007 558 4072 invitae
585 4006 785 4093 rapidosque
811 4010 1023 4092 extingueret
1047 4009 1175 4069 aestus.

243 4094 272 4158 0
298 4119 401 4164 vanas
426 4097 592 4170 hominum
619 4103 734 4170 curasi
757 4101 931 4186 divumque
954 4106 1081 4168 minora
